2856 4770
465 227 513 282 DE
534 225 939 293 ΟΒΑΤΟΒΕ1100,666.666.
1217 223 1282 290 371

106 393 145 454 66
164 389 345 474 6166661666
366 413 385 455 6
403 411 512 474 puero,
532 411 658 455 summo
675 388 792 471 studio,
811 388 947 452 summis
966 387 1162 453 doctoribus.
1189 386 1282 452 Nihil

109 479 215 543 dicam
235 478 273 541 de
291 478 432 562 ingenio,
452 480 503 543 cui
521 500 581 563 par
599 499 695 542 nemo
714 478 787 544 fuit.
825 476 956 541 Etenim
975 499 1027 541 me
1047 476 1207 541 dicentem
1226 476 1282 560 qui

108 567 260 651 audierit,
282 589 378 632 nemo
402 589 556 651 umquam
575 571 644 632 tam
669 566 719 631 sui
738 564 917 649 despiciens
941 564 1016 649 fuit,
1040 564 1118 649 quin
1137 567 1283 649 speraret

109 662 167 720 aut
195 655 310 719 melius
339 660 396 720 aut
425 657 537 721 eodem
565 655 660 720 modo
690 677 724 719 se
747 674 843 738 posse
867 653 985 738 dicere3
1013 652 1131 719 Crasso
1155 653 1282 717 dicente

108 766 205 809 nemo
228 748 297 807 tam
322 745 499 829 adrogans,
528 745 583 828 qui
613 743 764 808 similiter
792 764 826 807 se
849 764 1004 826 umquam
1027 743 1188 806 dicturum
1212 763 1283 806 6666

109 832 294 898 confideret.
341 832 558 909 Quamobrem
586 854 627 896 ne
655 833 778 898 frustra
805 831 840 895 hi
866 833 949 897 tales
977 829 1040 896 viri
1061 831 1222 914 venerint,
1250 834 1282 895 te

110 921 299 1006 aliquando,
323 919 453 1005 Crasse,
477 922 654 988 audiemus.

156 1009 239 1074 Tum
262 1010 344 1073 ille:
367 1009 413 1074 Ut
435 1011 482 1074 ita
504 1011 569 1075 ista
591 1031 661 1074 esse
684 1008 872 1090 concedam,
895 1007 1016 1092 inquit,
1039 1004 1176 1089 Antoni,
1199 1012 1391 1091 quaetdoce

111 1105 187 1162 sunt
209 1098 307 1182 longe
331 1119 436 1182 secus,
465 1099 541 1183 quid
571 1097 652 1162 mihi
681 1099 744 1179 [tu]
773 1097 905 1162 tandem
932 1096 1029 1161 hodie
1053 1099 1110 1160 aut
1132 1097 1282 1181 cuiquam

110 1186 236 1252 homini
256 1186 342 1271 quod
361 1186 424 1251 dici
438 1187 544 1272 possit
557 1186 740 1270 reliquisti?
762 1184 878 1250 Dicam
893 1185 977 1249 enim
993 1205 1076 1269 vere,
1091 1184 1283 1249 amicissimi

110 1276 273 1356 homines,
297 1275 383 1359 quod
411 1277 524 1341 sentio.
575 1273 676 1359 Saepe
706 1275 796 1360 [ego]
825 1274 939 1339 6166666
967 1273 1115 1338 homines
1141 1309 1179 1319 —
1205 1273 1283 1356 quid

112 1365 183 1428 dico
207 1365 324 1448 saepe?
362 1364 462 1430 immo
485 1385 743 1448 nonnumquam3
772 1384 867 1448 saepe
896 1362 982 1426 enim
1010 1363 1066 1446 qui
1091 1361 1198 1446 potui,
1227 1361 1284 1445 qui

71 1478 97 1517 1a
111 1474 191 1537 puer
221 1453 255 1516 in
284 1452 392 1517 forum
421 1454 579 1538 venerim,
610 1474 715 1536 neque
747 1450 822 1515 inde
850 1472 1005 1535 umquam
1034 1451 1156 1515 diutius
1184 1472 1283 1535 quem

72 1568 99 1606 14
113 1544 265 1624 quaestor
293 1540 451 1606 afuerim?
475 1578 517 1588 —
543 1541 597 1606 sed
625 1545 736 1605 tamen
765 1539 886 1626 audivi,
913 1539 1043 1604 utheri
1066 1538 1227 1623 dicebam,
1250 1542 1284 1604 et

112 1630 251 1694 Athenis
275 1651 347 1694 cum
372 1651 485 1716 essem,
508 1629 714 1695 doctissimos
733 1630 818 1694 viros
842 1632 876 1693 et
898 1628 933 1692 in
954 1626 1036 1692 Asia
1057 1628 1156 1692 istum
1175 1628 1283 1711 ipsum

113 1717 281 1802 Scepsium
312 1717 547 1802 Metrodorum,
584 1740 657 1784 cum
690 1718 728 1782 de
765 1718 816 1782 his
848 1717 929 1800 ipsis
961 1717 1058 1782 rebus
1091 1717 1283 1800 disputaret.

112 1805 226 1890 Neque
249 1827 325 1871 vero
347 1807 430 1871 mihi
454 1809 624 1893 quisquam
648 1807 812 1892 copiosius
831 1827 986 1890 umquam
1003 1806 1092 1871 visus
1112 1811 1162 1869 est
1180 1827 1284 1888 neque

114 1895 267 1959 subtilius
290 1895 325 1958 in
349 1895 411 1959 hoc
435 1896 698 1979 generedicendi
721 1917 818 1979 quam
841 1894 903 1959 iste
922 1894 1019 1961 hodic
1038 1914 1108 1958 csse
1127 1898 1285 1962 versatus.

114 1982 207 2060 Quod
232 1984 260 2046 si
283 1986 369 2048 esset
393 1985 488 2048 aliter
511 1992 543 2050 et
567 1984 690 2069 aliquid
713 1984 937 2068 intellegerem
961 1984 1002 2048 ab
1023 1982 1168 2047 Antonio
1192 2004 1283 2066 prae·

113 2072 307 2154 termissum,
331 2093 397 2136 non
421 2094 526 2137 essem
544 2076 612 2138 tam
635 2073 814 2137 inurbanus
838 2075 871 2136 et
892 2092 995 2155 paene
1018 2071 1225 2155 inhumanus,
1248 2074 1286 2136 66

113 2159 148 2224 16
171 2182 209 2224 66
233 2180 400 2245 gravarer,
424 2162 509 2245 quod
532 2184 591 2227 vos
615 2182 730 2244 cupere
754 2160 915 2224 sentirem.

73 2276 100 2314 66
204 2248 287 2313 Tum
303 2245 497 2333 SULPIcms,
516 2251 569 2314 An
584 2270 674 2334 ergo,
693 2249 812 2333 inquit,
830 2249 950 2314 oblitus
966 2269 1014 2332 es,
1032 2244 1162 2331 Crasse,
1180 2247 1286 2313 Anto·
1304 2263 1357 2314 366

75 2365 102 2402 66
116 2338 207 2401 nium
230 2339 278 2400 166
300 2340 456 2422 partitum
481 2360 551 2404 6666
574 2343 695 2422 tecum,
718 2344 755 2403 ut
778 2338 848 2422 ipse
870 2337 1123 2401 instrumentum
1146 2335 1286 2402 oratoris

75 2452 102 2491 66
117 2432 305 2510 exponeret,
328 2427 390 2491 tibi
414 2429 483 2491 eius
507 2427 748 2492 distinctionem
771 2429 869 2511 atque
893 2429 1044 2491 ornatum
1067 2424 1286 2508 relinqueret?

203 2513 267 2578 Hic
295 2515 378 2579 ille:
406 2516 563 2599 Primum,
593 2517 665 2601 quis
689 2515 834 2580 Antonio
858 2515 1022 2598 permisit,
1048 2513 1169 2598 inquit,
1193 2516 1286 2578 utet

115 2606 223 2684 partes
246 2602 369 2667 1666666
392 2609 424 2667 66
442 2609 549 2668 utram
568 2605 667 2670 vellet
684 2603 773 2688 prior
790 2604 861 2687 ipse
881 2602 1044 2667 sumeret?
1073 2602 1206 2682 Deinde,
1225 2622 1286 2686 ego

74 2723 100 2762 27
117 2690 144 2753 si
167 2693 253 2754 recte
276 2691 434 2774 intellexi,
457 2713 530 2757 cum
552 2692 646 2758 valde
669 2694 807 2756 libenter
829 2691 987 2774 audirem,
1011 2689 1092 2755 mihi
1115 2690 1286 2756 coniuncte

116 2782 166 2842 est
189 2778 277 2841 visus
302 2779 340 2842 de
363 2784 500 2863 utraque
522 2802 557 2845 re
582 2781 694 2846 dicere.

203 2864 265 2931 Ille
286 2889 377 2952 vero,
400 2868 506 2952 inquit
529 2867 661 2953 00666,
689 2873 879 2934 ornamenta
902 2866 1061 2934 orationis
1085 2890 1151 2932 non
1175 2867 1288 2954 attigit

74 2990 101 3029 30
115 2977 218 3040 neque
238 2977 309 3020 eam
332 2956 469 3040 laudem,
492 2979 531 3022 ex
554 2979 618 3042 qua
639 2958 825 3043 eloquentia
847 2979 966 3024 666666
989 2979 1084 3022 suum
1106 2958 1242 3021 invenit.

115 3128 199 3198 pallt,
218 3130 255 3185 ist
274 3148 306 3184 zu
322 3149 430 3186 summo
446 3132 539 3188 6666116
553 3132 600 3186 616
614 3147 675 3187 ver·
729 3131 875 3188 moriadie
889 3129 984 3185 Mittel
997 3129 1069 3198 sind,
1084 3129 1173 3184 durch
1182 3130 1290 3184 welche

116 3200 242 3254 wandtes
259 3201 385 3255 Verbum
404 3221 437 3257 au
456 3209 602 3274 erg'anzen.
730 3203 779 3257 der
798 3202 909 3256 Redner
923 3202 1010 3257 etwas
1029 3201 1163 3255 zustande
1183 3201 1288 3270 bringi,
1332 3206 1339 3219 ⁴

153 3275 194 3325 13.
213 3286 293 3338 puer.
331 3271 487 3342 13111161.
507 3274 520 3326 Ι
539 3279 554 3340 5
575 3279 620 3342 10,
641 3290 675 3330 rr.
730 3273 838 3328 sowohl
856 3271 998 3340 Material,
1018 3272 1060 3326 616
1074 3270 1236 3340 Werlrreug
1249 3271 1290 3324 im

154 3345 196 3394 14.
215 3347 354 3409 quaestor,
374 3343 446 3398 Einl.
466 3344 479 3397 l
498 3349 513 3408 5
534 3350 576 3412 10,
595 3360 629 3399 es.
729 3360 835 3414 engern
853 3342 930 3398 Sinn.
958 3344 1037 3399 1666.
1074 3341 1148 3396 Ε161.
1168 3342 1227 3408 115
1248 3347 1289 3397 18.

153 3415 195 3467 22.
220 3410 362 3479 Sulpicius
380 3411 486 3467 konnte
504 3415 551 3469 bei
569 3415 675 3470 seinem
765 3421 808 3470 24.
836 3416 1039 3470 distinctionem
1065 3414 1136 3484 geht
1167 3414 1218 3468 661
1243 3413 1289 3468 die

116 3483 240 3536 naheren
268 3482 461 3537 Verh'altnisse
494 3503 527 3538 zu
560 3483 675 3539 Crassus
729 3486 836 3541 lumina
855 3485 1003 3556 6666166616,
1023 3483 1068 3539 6116
1087 3484 1161 3539 161666
1181 3483 1289 3554 Arbeit,

117 3554 214 3606 seinen
229 3551 345 3607 Meister
359 3553 432 3608 noch
446 3571 492 3608 am
507 3557 600 3609 ersten
614 3556 676 3611 6166
730 3557 842 3612 Politur
859 3558 917 3612 und
938 3556 1116 3626 Verzierung.
1135 3555 1174 3610 III
1192 3569 1226 3611 66.

117 3622 259 3687 erinnem
283 3624 356 3677 trieb
374 3623 423 3678 ihr
443 3624 516 3680 doch
534 3624 608 3679 auch
626 3627 676 3680 das
766 3634 809 3684 27.
835 3629 987 3684 coaiwacte.
1006 3657 1039 3669 -
1064 3626 1120 3681 Η16
1139 3643 1166 3682 u.
1185 3627 1291 3681 wieder

118 3694 216 3763 eigene
236 3695 373 3749 Interesse
393 3696 471 3750 dazu.
729 3698 812 3753 hatte
839 3701 872 3754 A.
897 3699 1008 3754 freilieh
1041 3697 1105 3768 (wie
1133 3698 1183 3752 das
1211 3697 1292 3752 nicht

153 3764 202 3820 Aa
219 3781 282 3834 erqo
296 3795 343 3819 —.
368 3764 461 3819 Schon
480 3766 529 3820 das
548 3764 676 3821 einfache
730 3768 1292 3838 66616616666031166666166116666

118 3853 185 3906 ergo
200 3835 271 3890 wird
289 3835 318 3888 16
335 3835 398 3890 dem
414 3853 464 3890 aus
478 3837 543 3890 dem
557 3836 677 3891 Vorher-
731 3839 791 3893 61661
810 3840 909 3895 Teilen
927 3842 999 3895 auch
1018 3845 1073 3894 von
1093 3839 1142 3894 der
1162 3840 1291 3894 tractatio

117 3906 265 3977 gehenden
288 3923 320 3959 zu
349 3904 549 3962 schliessenden
573 3907 680 3962 Ausruf
732 3909 877 3965 darselben
896 3912 982 3965 reden
1000 3914 1120 3965 mdssen.
1158 3909 1291 3964 Indessen

119 3979 186 4032 oder
204 3978 254 4031 der
272 3977 362 4047 Frage
381 3978 430 4031 der
444 3978 677 4049 Verwunderung
729 3997 784 4036 von
792 3982 843 4035 der
850 3979 1293 4050 eigentlichenStilisierung,der

119 4049 680 4176 61666116666666661166
732 4050 1290 4193 ltltlllulnlllltnlullr

120 4190 164 4243 die
184 4191 267 4245 Form
287 4190 336 4244 der
355 4190 540 4261 Gegenfrage.
733 4192 800 4260 den3
820 4193 870 4246 das
888 4193 926 4247 ist
944 4194 1049 4248 seinem
1069 4192 1294 4247 aufmerksamen

155 4266 197 4314 23.
217 4264 260 4315 ita
273 4263 412 4330 partitum
430 4279 497 4330 6666,
516 4278 568 4330 666,
588 4262 626 4316 III
646 4279 678 4318 66.
733 4263 839 4332 Jfinger
858 4260 942 4318 Cotta
958 4264 1039 4318 nicht
1056 4267 1224 4333 entgangen.

155 4333 367 4387 instrumentum
395 4335 526 4401 oratoris,
554 4334 679 4390 insofern
769 4340 812 4388 30.
839 4351 897 4389 eam
922 4336 1031 4391 laudem
1056 4366 1089 4375 —
1115 4335 1166 4389 das
1185 4334 1294 4400 Haupt·

120 4399 166 4456 die
193 4401 334 4472 inventio,
366 4404 512 4474 dispositio
540 4405 596 4459 und
624 4422 680 4461 me·
735 4405 923 4475 erfordensis,
939 4404 989 4460 die
1007 4405 1147 4458 elocutio.

174 4499 224 4540 Gra
234 4511 267 4540 nr
281 4511 352 4546 carr.
1071 4492 1116 4542 ‘hb
