2856 4770
483 977 676 1050 Kritiseher
699 977 852 1068 Anhang.

619 1149 653 1214 II
675 1149 713 1218 B.

87 1351 90 1359 .
150 1313 202 1374 1,1
222 1322 252 1361 se
271 1307 342 1361 statt
360 1322 419 1361 sese
438 1305 491 1361 mit
509 1306 624 1376 Kayser,
644 1305 734 1374 Sorof,
753 1305 884 1375 wilkins,
904 1305 991 1363 Cima.

150 1383 175 1446 1,
189 1392 202 1432 e
222 1380 250 1432 et
264 1378 392 1432 doctrina
406 1379 477 1432 statt
490 1376 675 1446 doctrinaque
689 1376 743 1433 mit
755 1377 832 1432 Frdr.
846 1378 920 1432 nach
934 1379 988 1433 den
1003 1377 1123 1433 meisten
1135 1377 1249 1449 Legem.

149 1454 201 1518 1,e
220 1466 284 1504 cum
303 1466 425 1504 essemus
444 1449 504 1503 eius
522 1448 600 1502 demi
618 1447 786 1504 Gulielmius
810 1450 880 1503 statt
904 1466 968 1502 cum
991 1466 1114 1504 essemus
1138 1455 1156 1516 †
1180 1451 1252 1504 eius·

79 1518 165 1574 medi.
203 1518 318 1574 Ellendt
335 1520 393 1575 und
412 1521 529 1588 Kayser:
553 1519 629 1644 gum
648 1536 771 1575 essemus
791 1518 951 1591 eiusmodi}
984 1519 1061 1574 Bake
1080 1521 1163 1575 sneht
1181 1522 1253 1576 eius·

76 1590 155 1645 medi
183 1590 271 1645 durch
293 1590 518 1658 Verr.121,ee;
541 1590 554 1643 Ι
599 1597 708 1660 66,1ee;
738 1590 773 1646 de
796 1591 864 1660 imp.
888 1589 935 1646 On.
955 1590 1052 1661 Pomp.
1072 1597 1137 1658 e,1e
1156 1623 1190 1632 -
1210 1610 1253 1648 we

77 1662 186 1717 liberal]
207 1663 238 1717 ut
255 1661 329 1732 folgt
347 1693 381 1703 -
401 1680 435 1716 ru
453 1661 638 1729 verteidigen

149 1738 201 1799 2,e
225 1733 329 1787 multos
355 1733 397 1804 [et
419 1733 541 1803 ingeniis
565 1733 607 1804 et]
632 1749 735 1802 magna
757 1732 842 1788 lande
866 1731 979 1787 dicendi
999 1732 1031 1789 P.
1055 1734 1126 1788 statt
1148 1732 1253 1787 multos

78 1807 107 1859 et
121 1806 139 1868 †
153 1805 273 1872 ingeniis
293 1809 322 1859 et
340 1821 444 1874 magna
459 1803 542 1859 laude
557 1802 678 1860 dicendi.
702 1804 817 1859 Ellendt
831 1805 983 1858 vermutet:
998 1803 1120 1874 ingeniis
1134 1821 1252 1874 magnos

78 1878 107 1930 et
124 1875 208 1928 lande
228 1874 352 1942 dicendi;
377 1874 492 1930 endere:
516 1875 653 1944 insignes,
672 1875 777 1930 wieder
796 1875 898 1930 andere
918 1873 1102 1945 (Nipperdey)
1124 1874 1253 1946 ingenite

79 1947 145 2001 oder
162 1946 286 2015 ingenua
305 1949 330 2013 (ξ
351 1948 395 2015 10)
414 1962 517 2015 magna
535 1947 619 2000 laude
638 1946 757 2001 dicendi.
795 1945 869 2000 Ehcr
892 1948 968 2001 dann
989 1945 1075 2001 noch:
1099 1948 1204 2001 maltos
1224 1951 1253 2000 et

77 2015 184 2086 ingenii
211 2033 315 2086 magna
338 2019 368 2072 et
396 2032 500 2085 magna
522 2016 605 2071 laude
629 2016 753 2085 dicendi,
777 2016 830 2072 wie
854 2017 895 2070 III
914 2022 956 2084 14,
972 2031 998 2071 aa
1025 2017 1253 2072 nebeneinander

78 2090 155 2144 steht
173 2087 276 2158 quibus
295 2088 386 2142 omnis
404 2085 555 2142 admiratio
573 2087 688 2157 ingenii,
704 2089 795 2142 omnis
815 2088 877 2142 laus
891 2086 1070 2156 eloquentiae
1085 2090 1251 2143 continetur.

79 2160 113 2215 P.
132 2159 204 2213 Denr
223 2156 377 2230 Gedauken
394 2158 639 2228 widerspreehend
662 2160 701 2213 ist
723 2159 768 2214 die
787 2159 991 2213 Keerdinatien
1015 2161 1044 2213 et
1065 2158 1187 2228 ingeniis
1210 2159 1252 2212 in-

77 2230 171 2298 signes
190 2229 269 2299 (oder
287 2232 417 2299 magnes)
437 2231 466 2283 ct
484 2247 589 2299 magns
607 2229 690 2284 laude
710 2230 822 2285 dicendi
841 2261 875 2270 -
894 2229 993 2299 fuisse,
1013 2230 1087 2284 denn
1105 2229 1185 2284 nicht
1203 2229 1252 2284 das

77 2301 137 2355 will
152 2298 207 2354 Cic.
228 2300 399 2370 behaupten,
418 2298 477 2355 dall
496 2318 525 2355 es
544 2300 712 2357 talentvelle
730 2303 787 2356 und
806 2301 952 2356 berdhmte
967 2301 1078 2356 Redner
1097 2301 1169 2356 ohne
1186 2301 1253 2372 jone

77 2369 151 2425 hehe
170 2371 440 2427 wissenschaftliche
459 2371 583 2441 Bildung
601 2372 728 2443 gegeben
747 2374 832 2439 habe;
857 2388 886 2426 es
905 2369 1003 2426 miillte
1022 2372 1096 2426 daun
1115 2371 1253 2427 vielmehr

77 2439 193 2497 heillen:
212 2444 316 2497 multos
335 2444 457 2512 ingeniis
475 2461 592 2513 magnes
610 2446 690 2512 (eder
707 2443 843 2513 insignes)
862 2459 967 2511 magna
984 2443 1068 2496 lande
1087 2441 1199 2497 dicendi
1217 2473 1251 2482 -

76 2512 178 2579 fuisse,
198 2530 228 2567 se
248 2511 305 2566 dall
323 2513 445 2582 ingeniis
464 2530 581 2582 magnes
606 2516 669 2568 dem
692 2531 796 2583 magna
819 2514 901 2566 laude
924 2513 1011 2566 fuisse
1034 2512 1253 2581 untergeordnet

78 2586 133 2638 den
156 2583 252 2636 Grund
275 2585 404 2653 angiebt,
433 2600 539 2638 warum
568 2585 607 2638 sie
636 2585 709 2639 ohne
739 2583 1006 2639 wissenschaftliehe
1030 2581 1151 2652 Bildung
1178 2582 1252 2638 doch

77 2655 172 2707 hohen
194 2652 389 2709 redueriseheu
412 2652 505 2708 Rahm
530 2655 679 2723 gewinnen
700 2654 833 2709 kennten.
870 2655 906 2708 A.
944 2654 1007 2722 Vgl.
1033 2670 1057 2707 a.
1080 2652 1251 2722 Hamecker,

77 2724 283 2779 Adnotatienes
302 2725 339 2779 ad
357 2723 498 2783 Ciceronis
517 2725 552 2780 de
576 2742 615 2780 or.
633 2726 737 2779 librum
756 2725 790 2780 ΙΙ.
809 2725 888 2794 Prgr.
907 2724 1077 2795 Friedeberg
1094 2723 1158 2779 Nm.
1179 2730 1249 2781 1888

76 2814 103 2865 p.
125 2795 168 2850 1f.

149 2873 215 2933 3,1e
234 2866 283 2920 sed
302 2865 361 2922 sive
380 2865 485 2921 indicio
504 2869 539 2921 st.
559 2867 609 2920 sed
628 2867 761 2936 queniam
779 2869 838 2922 sive
852 2866 966 2923 iudicio.
982 2898 1015 2907 -—
1030 2867 1163 2937 queniam
1177 2866 1249 2922 fehlt

76 2936 107 2991 in
130 2940 216 3007 guten
239 2939 288 2995 Hs.
313 2937 370 2991 und
392 2939 468 2992 kann
495 2937 568 2992 auch
595 2953 694 3007 wegen
722 2938 771 2992 des
794 2938 945 3008 folgenden
968 2942 1063 2993 tamen
1086 2938 1249 3007 unmdglich

76 3008 181 3079 richtig
201 3009 268 3064 sein.
306 3008 371 3080 Vgl.
390 3009 430 3062 im
449 3008 567 3079 librigen
586 3009 792 3064 Adnotatienes
810 3027 838 3078 p.
853 3017 878 3064 2.

147 3088 171 3147 3,
186 3097 213 3134 ne
231 3082 325 3150 potest
343 3097 404 3136 esse
423 3079 567 3134 Friedrich
585 3078 640 3133 mit
657 3079 736 3134 alten
753 3080 839 3149 Ausg.
867 3079 942 3133 Aber
961 3078 1006 3141 die
1025 3080 1137 3149 spttere
1150 3078 1248 3134 Bessa-

75 3168 147 3220 rung
166 3150 276 3206 soheint
294 3151 423 3206 ziemlich
443 3150 612 3208 ersiehtlich.
650 3151 689 3207 H.

147 3229 171 3290 3,
187 3238 212 3277 re
230 3223 277 3276 vel
295 3223 327 3275 tn
349 3237 401 3276 nes
424 3222 535 3291 ineptes
558 3222 639 3290 licet,
657 3221 762 3289 inquit,
780 3220 828 3275 vel
851 3220 985 3275 molestes
1007 3221 1090 3291 putes
1113 3220 1170 3275 Frl.
1189 3220 1202 3274 I
1221 3222 1248 3276 b.

75 3310 101 3347 n.
118 3311 142 3348 a.
163 3294 234 3347 statt
252 3294 297 3346 vel
315 3294 348 3345 tu
365 3309 416 3346 nes
435 3293 546 3361 ineptes
565 3293 633 3347 licet
651 3291 778 3364 [inquit]‚
796 3290 844 3348 vel
862 3292 995 3347 molestes
1014 3296 1104 3362 putes.

146 3370 211 3431 3,15
231 3363 468 3431 quemadmodum
488 3363 578 3418 sentio
598 3365 670 3417 statt
689 3363 809 3418 sentiam
823 3361 877 3416 mit
898 3362 998 3432 Stangl
1012 3362 1085 3418 nach
1106 3361 1163 3417 ΟΡ
1180 3379 1207 3417 u.
1223 3379 1248 3419 a.

76 3434 137 3488 Hss.
159 3464 193 3474 -
213 3451 274 3487 sum
288 3433 392 3487 oblitus
408 3434 441 3487 st.
454 3433 558 3488 oblitus
573 3452 635 3488 sum
648 3435 702 3488 mit
716 3434 860 3488 Friedrich
874 3434 948 3490 nach
962 3436 1016 3490 den
1027 3436 1168 3505 jiingeren
1180 3437 1249 3490 mut.

147 3511 171 3572 3,
187 3520 212 3559 ne
230 3503 302 3558 illud
320 3504 350 3559 in
368 3505 541 3573 Klammern,
560 3504 624 3559 weil
643 3522 672 3560 es
691 3504 722 3560 in
741 3506 779 3560 M
795 3504 875 3560 fehlt.

147 3582 171 3644 3,
187 3590 212 3630 ne
231 3574 330 3629 licebit
349 3577 420 3630 statt
437 3575 550 3644 libebit,
569 3575 715 3632 Friedrich
733 3577 786 3630 mit
805 3577 860 3632 den
879 3576 920 3632 M.

148 3652 214 3715 e,1e
237 3645 390 3702 Dederlein
417 3649 586 3702 vermutete:
615 3648 759 3704 maculate
786 3648 852 3703 eder
879 3647 1085 3702 commaculata
1112 3649 1151 3717 (p.
1175 3646 1250 3704 Cael.

76 3724 100 3787 7,
115 3721 151 3787 re)
171 3719 243 3771 statt
261 3718 411 3772 cumulata.

146 3794 171 3857 5,
186 3804 212 3843 se
231 3788 401 3843 Graecorum
419 3790 489 3844 statt
508 3789 679 3844 Graecarum
697 3789 747 3844 der
764 3788 897 3844 frdheren
914 3790 986 3847 And.
1010 3789 1049 3844 H.

147 3867 173 3931 ὅ,
187 3876 214 3915 se
233 3865 257 3915 et
272 3860 439 3916 Graecennrn
457 3862 684 3931 disperationem.
710 3860 746 3916 A.
760 3862 813 3915 mit
827 3861 857 3917 S.
872 3860 1094 3931 [gymnasiorum
1112 3861 1149 3915 ad
1163 3861 1248 3916 Grae·

76 3932 182 4002 corum]
207 3931 245 3985 K.
282 3929 362 3985 Doeh
386 3931 455 3985 wird
476 3930 645 3986 Graecorum
668 3933 756 3987 durch
782 3933 833 3987 das
855 3931 1153 4002 gogoniiberstehende
1171 3933 1248 4001 ipses

75 4003 197 4058 Graecos
211 4003 241 4056 in
255 4007 270 4067 8
285 4008 319 4056 21
335 4002 486 4071 gelordert.
515 4001 746 4072 disputationem,
761 4020 819 4058 was
834 4002 895 4057 sich
913 4002 943 4057 in
961 4002 1074 4073 einigen
1088 4003 1136 4058 Hs.
1150 4003 1247 4072 findet,

74 4074 113 4128 ist
131 4073 193 4128 eine
211 4072 374 4140 Korrektur,
393 4074 531 4128 nachdem
549 4090 617 4128 man
634 4075 672 4129 ad
690 4076 761 4129 statt
779 4075 809 4128 et
827 4074 941 4143 gelesen
959 4073 1046 4129 hatte.
1068 4075 1104 4128 A.

146 4151 171 4211 5,
186 4160 211 4199 n
231 4146 434 4200 coercitatienis
447 4149 473 4199 et
486 4146 672 4200 delectationis
686 4160 779 4213 renea,
792 4161 850 4199 nen
863 4145 1069 4213 disperationis.
1094 4144 1128 4198 P.
1147 4145 1247 4200 enerat-

75 4217 189 4270 tetiene'e
207 4216 250 4298 [et
269 4216 478 4286 delectationieJ,
497 4232 554 4270 nen
571 4217 769 4284 disputationis
794 4232 879 4272 cenea
897 4215 926 4270 d.
963 4213 1016 4269 Die
1037 4215 1133 4272 Wortc
1152 4218 1181 4269 et
1199 4215 1247 4270 de-

76 4284 235 4340 lectatienrs
255 4304 339 4342 eausa
357 4287 453 4341 fehlen
479 4285 509 4340 in
532 4287 587 4340 den
606 4287 686 4342 cedd.
709 4285 816 4354 mutili,
839 4285 970 4341 scheinen
993 4285 1060 4340 aber
1084 4285 1175 4340 dareh
1195 4285 1250 4339 dae
1302 4317 1308 4327 ι

76 4354 208 4425 folgende
226 4357 402 4414 levissimam
425 4357 643 4414 delectationem
667 4356 816 4430 gelerdert
835 4375 875 4412 au
892 4356 1031 4419 werden,
1044 4355 1127 4407 sudu
1143 4352 1278 4402 suenten-

984 4464 988 4468 “
1010 4438 1084 4493 ‘holt
