2856 4770
478 184 527 240 DE
548 185 721 242 ORATORE
740 185 766 240 11
785 191 828 254 20,
847 200 881 242 es.
900 201 934 242 ss.
1110 254 1112 258 ,
1225 186 1290 252 257

90 347 202 413 1idem
226 352 321 432 atque
344 352 493 415 versutus
516 349 657 416 invictos
685 348 774 416 viros
803 347 905 413 efficit
929 351 1010 428 [non
1033 347 1197 414 difficilius
1221 353 1293 414 arte

116 437 310 520 coniuncta}

90 542 102 581 ³
206 524 312 601 Quare
336 530 396 612 ego
420 526 483 591 tibi
502 530 666 593 oratorem
684 527 731 593 sic
749 525 815 592 iam
834 524 1014 610 instituam,
1037 525 1066 591 si
1083 528 1233 610 potuero,
1255 529 1293 592 ut
1310 547 1345 601 86

89 612 193 697 equid
221 613 347 680 efficere
373 616 480 699 possit
508 620 584 680 ante
611 615 816 700 perspiciam.
842 611 918 678 =Sit
945 613 1032 679 enim
1060 614 1143 679 mihi
1169 614 1291 680 tinctus

116 702 244 786 litteris,
267 702 405 769 audierit
428 704 563 789 aliquid,
584 703 714 789 legerit,
736 701 803 769 ista'
824 703 898 787 ipsa
920 705 1094 787 praecepta
1118 704 1291 787 acceperit:

90 792 282 874 otemptabo
310 793 386 877 quid
413 793 539 876 deceat,
567 791 646 877 quid
672 814 764 877 voce,
792 791 870 876 quid
897 791 1036 875 viribus,
1065 791 1140 876 quid
1166 792 1291 876 spiritu,

116 880 193 963 quid
221 880 335 966 lingua
359 882 487 947 efficere
514 882 629 966 possit.
675 878 710 946 Si
736 880 927 966 intellegam
954 901 1050 964 posse
1077 880 1118 945 ad
1146 903 1291 946 summos

87 984 101 1024 ⁸
113 969 288 1053 pervenire,
310 991 379 1034 non
401 971 507 1034 solum
519 969 695 1072 hortabor,
717 973 757 1035 ut
777 968 937 1052 elaboret,
961 967 1017 1033 sed
1040 969 1154 1053 etiam,
1184 971 1213 1035 si
1241 970 1292 1072 vir

114 1056 657 1212 tttltltlictfflltlll
680 1079 767 1212 tt
783 1057 985 1230 οἷέἶῗῐὲἷὲὶ.
1013 1057 1292 1212 tlltllllt

114 1235 284 1300 universae
308 1235 442 1301 civitati.
487 1234 545 1300 sin
572 1235 748 1319 videbitur,
776 1257 849 1300 cum
878 1234 990 1299 omnia
1017 1255 1142 1299 summe
1168 1233 1293 1318 fecerit,

114 1325 225 1405 tamen
244 1324 284 1388 ad
303 1324 480 1390 mediocres
496 1329 641 1390 oratores
656 1346 725 1390 esse
738 1327 904 1408 venturus,
922 1322 1112 1406 permittam
1131 1322 1195 1406 ipsi
1213 1323 1291 1407 quid

73 1412 206 1493 1ovelit3
230 1412 388 1478 molestus
411 1433 532 1498 magno
562 1435 658 1497 opere
685 1433 752 1478 non
781 1434 845 1478 ero.
891 1409 948 1477 Sin
975 1412 1074 1496 plane
1102 1411 1293 1476 abhorrebit

74 1520 100 1558 14
114 1503 147 1565 et
169 1501 232 1566 erit
255 1500 429 1587 absurdus,
451 1506 489 1567 ut
512 1523 547 1567 se
569 1503 737 1568 contineat
760 1506 819 1566 aut
841 1498 882 1566 ad
906 1500 994 1565 aliud
1019 1500 1162 1564 studium
1184 1502 1291 1565 trans·

73 1605 100 1647 ιε
113 1588 207 1673 ferat,
226 1589 417 1656 admonebo.
461 1590 494 1656 N
496 1613 549 1656 am
566 1613 671 1676 neque
689 1592 729 1676 is,
746 1590 802 1676 qui
819 1589 941 1674 optimc
959 1592 1077 1673 potest,
1096 1587 1290 1655 deserendus
1309 1612 1345 1663 86

113 1678 180 1742 ullo
210 1679 306 1744 modo
337 1684 387 1744 est
417 1702 437 1744 a
467 1680 692 1746 cohortatione
722 1682 848 1761 nostra,
879 1699 984 1761 neque
1014 1678 1057 1761 is,
1089 1677 1145 1762 qui
1168 1678 1291 1763 aliquid

76 1784 101 1823 Π
115 1769 237 1852 potest,
269 1767 490 1834 deterrendus:
524 1768 610 1854 quod
639 1770 779 1835 alterum
807 1766 989 1832 divinitatis
1016 1766 1099 1831 mihi
1125 1766 1291 1832 cuiusdam

114 1939 216 1997 invicti
234 1941 287 1996 viri
305 1943 400 1998 finden
421 1943 482 1998 sich
504 1943 551 1999 hei
570 1942 676 1998 Ennius
730 1941 908 1998 naturlichen
928 1940 1121 1996 oratorischan
1134 1941 1292 2011 Begabung

113 2010 185 2068 Anu.
211 2018 275 2080 1933
301 2013 411 2069 tnimus
435 2015 499 2069 tcer
523 2015 599 2069 {dem
623 2016 675 2085 (at-
731 2013 777 2069 dic
801 2032 836 2068 zu
860 2013 938 2067 einer
961 2012 1174 2082 segensreichen
1197 2011 1291 2066 wirn-

114 2086 179 2151 que)
199 2086 299 2139 acutus
318 2085 438 2140 invictos
455 2084 531 2141 viros
549 2084 620 2141 facit
638 2086 676 2140 ist
730 2084 853 2140 sumkeit
877 2084 917 2138 im
944 2084 1042 2138 Staate
1072 2083 1153 2137 nicht
1181 2082 1292 2137 minder

115 2154 162 2210 cin
180 2155 269 2210 troch.
289 2154 423 2212 Oktonar.
730 2153 1041 2224 wichtigeBedlngnng
1056 2152 1290 2222 einertuchtigen

152 2231 175 2281 1.
205 2227 423 2295 noadifficilc‘us
437 2233 496 2284 urtc
505 2227 653 2284 coniuncto
681 2229 683 2232 ’
731 2226 932 2294 Gesinnang
949 2225 1027 2290 tritu
1045 2225 1118 2280 nach
1133 2223 1217 2280 (latos
1235 2223 1290 2279 De-

113 2297 170 2352 Der
193 2226 337 2368 hrtftige,
368 2299 539 2355 sentcntitse
569 2227 676 2354 sculuii
730 2297 851 2354 finition:
878 2297 975 2352 orator
999 2295 1044 2379 yir
1066 2295 1155 2352 bonus
1180 2295 1292 2352 dicendi

114 2369 224 2423 animus
243 2385 307 2424 acer
325 2400 360 2411 -
378 2369 500 2426 invictos
521 2369 598 2426 viros
617 2371 676 2425 affi-
730 2370 847 2441 peritus.

114 2439 154 2495 cit
172 2440 267 2495 wtirde
287 2441 375 2496 durch
389 2441 486 2497 diesen
500 2442 607 2511 Zusatz‚
626 2441 677 2497 dar
769 2448 811 2499 13.
830 2442 966 2509 mlestus,
985 2457 1019 2497 ιε.

115 2511 205 2566 sicher
228 2511 311 2567 nicht
331 2529 387 2568 von
407 2513 464 2569 Cic.
488 2514 619 2568 herrfihrt
643 2515 676 2584 (s.
768 2514 925 2569 obhorrebit
950 2511 1002 2566 wir
1025 2512 1100 2566 etwa
1122 2511 1292 2581 ‚‚abfallen“‚

114 2581 140 2635 d.
168 2582 236 2638 krit.
264 2583 361 2653 Anh.)‚
393 2584 424 2638 in
450 2582 677 2653 unertrltglicher
732 2600 803 2653 gana
833 2582 984 2651 untflchtig
1015 2581 1087 2648 sein;
1115 2582 1172 2652 vgl.
1198 2581 1293 2637 catull

114 2651 210 2707 Weise
230 2653 366 2722 gelthmt.
732 2661 776 2723 22,
796 2659 829 2708 11
847 2652 960 2707 tantum
982 2652 1116 2707 abhorret
1139 2669 1173 2707 ac
1191 2655 1291 2710 mutat

151 2727 175 2776 3.
197 2722 289 2792 Quare
308 2755 341 2763 —
361 2723 432 2778 eben
450 2723 516 2780 weil
535 2724 585 2780 der
603 2725 677 2780 Red·
769 2729 811 2779 14.
836 2724 974 2779 absurdus
996 2723 1196 2793 ursprtlnglich
1219 2722 1292 2778 miss-

113 2809 164 2848 ner
182 2793 365 2850 dormaleinst
387 2794 417 2848 in
441 2795 491 2850 der
508 2794 674 2852 wirklichen
728 2794 849 2863 tonend,
885 2793 960 2848 daun
993 2810 1064 2865 gunt
1095 2809 1180 2850 unser
1206 2797 1291 2866 abga-

112 2880 209 2934 pugna
226 2864 346 2920 forensis
364 2865 506 2921 aultreten
524 2865 600 2923 moll.
728 2866 888 2934 schmacht‚
917 2864 1036 2933 tahtlos3
1065 2863 1146 2921 Tusc.
1169 2866 1196 2920 Il
1219 2883 1245 2923 ιι
1268 2867 1292 2922 si

148 2937 210 3004 titi,
229 2952 263 2991 94.
731 2937 852 2993 absurde
870 2939 961 2994 canat

148 3008 173 3062 ei
186 3013 312 3077 potuero.
346 3007 460 3063 Schultz
479 3014 495 3074 ς
514 3013 574 3065 sat.
594 3008 628 3066 A.
648 3015 672 3065 3.
762 3008 1006 3065 secoctiocctsich
1018 3009 1123 3077 zwang
1137 3008 1290 3079 anferlege.

113 3093 138 3145 ις
160 3092 208 3133 aco.
231 3080 307 3133 Brut.
326 3094 351 3134 ιι
374 3095 427 3149 ego
448 3095 524 3150 vero,
547 3080 673 3150 inquam,
765 3081 805 3136 acl
825 3080 905 3135 aliud
922 3080 1053 3148 audium,
1071 3079 1129 3149 vgl.
1149 3079 1162 3132 I
1181 3095 1228 3136 tec.

114 3149 138 3202 si
156 3151 288 3218 potuero,
311 3148 414 3205 faciam
432 3151 513 3206 vobis
533 3152 610 3207 satis.
639 3151 673 3206 de
742 3193 744 3196 .
765 3155 810 3205 15.
831 3150 994 3206 deserendus
1011 3149 1057 3219 (de
1072 3147 1128 3218 leg.
1147 3150 1160 3203 Ι
1177 3156 1214 3217 ce)
1233 3151 1291 3205 und

113 3218 160 3274 fin.
179 3219 192 3272 1
211 3236 243 3276 oc.
733 3221 916 3276 deterrendus
945 3221 997 3274 mit
1028 3219 1104 3274 einer
1128 3219 1182 3274 Art
1205 3220 1291 3277 Parc·

149 3294 175 3343 4.
194 3292 297 3346 tinctus
312 3291 419 3359 litteris,
432 3291 539 3347 tinctus
554 3293 674 3348 artenao.
729 3291 856 3347 nomasie
875 3291 1158 3360 zusammengestellt.

114 3359 191 3414 Brut.
215 3377 254 3416 211
281 3362 362 3418 illam
395 3362 452 3429 (die
476 3363 600 3419 Tochter
623 3364 674 3418 des
769 3368 812 3418 1⁵1.
836 3362 909 3432 quod
931 3363 1047 3417 alterum
1070 3362 1123 3417 etc.
1152 3363 1290 3419 Antonius

114 3428 237 3501 Laelius)
264 3434 354 3502 patris
383 3433 525 3504 elegantia
552 3434 673 3489 tinctam
728 3433 810 3488 sucht
827 3432 887 3488 sein
905 3432 1061 3488 Verlahren
1086 3432 1129 3488 als
1148 3432 1241 3488 recht·
1260 3450 1288 3490 u.

115 3500 243 3557 vidimus.
464 3545 467 3551 .
728 3501 971 3574 ordnungsmtltig
986 3505 1208 3574 zubegrllnden:
1223 3504 1290 3562 Man

152 3577 176 3627 6.
203 3573 272 3642 qaid
298 3576 372 3642 (eum
395 3575 499 3645 facere)
523 3577 615 3631 deceat
636 3607 674 3617 -
727 3573 1033 3630 darfntmlichdarum
1047 3575 1142 3630 weder
1155 3577 1202 3631 bei
1216 3576 1289 3647 dem,

116 3641 193 3698 steht
216 3643 258 3696 als
282 3642 332 3699 das
350 3645 520 3717 Wichtigste
543 3647 674 3717 voranll
728 3645 851 3700 welcher
870 3645 920 3700 das
938 3645 1063 3700 Htchste
1081 3647 1184 3702 leiaten
1201 3646 1289 3718 kann,

115 3714 174 3783 1³2),
193 3713 238 3768 die
257 3712 382 3785 Prlifung
399 3717 536 3785 ntmlich‚
560 3717 596 3773 ob
616 3717 674 3786 der,
728 3717 905 3771 unterlassen
921 3716 1025 3787 positiv
1039 3720 1198 3783 naturalem
1217 3718 1290 3773 noch
1312 3785 1314 3790 .

114 3785 236 3839 welcher
255 3784 418 3842 demntchst
436 3788 478 3843 als
497 3789 674 3843 offentlicher
728 3787 792 3854 den,
811 3787 873 3855 der,
893 3803 976 3843 wenn
995 3788 1069 3842 auch
1087 3787 1168 3842 nicht
1186 3789 1290 3856 gerade

114 3855 227 3911 Redner
255 3855 429 3912 aufnutreten
457 3858 596 3929 gedenkt,
623 3858 674 3914 das
729 3861 816 3913 etwas
833 3859 1097 3929 Ausgezeichnetcs‚
1117 3857 1189 3913 doch
1208 3859 1291 3913 wirh-

115 3927 315 3982 erfcrderliche
340 3927 470 3983 decorum
498 3948 532 3984 zu
558 3931 674 3985 wahren
730 3929 789 3984 lich
808 3932 913 3985 etwas
931 3928 1033 3984 leisten
1046 3928 1132 3999 kann,
1150 3931 1291 4000 garadezu

114 3998 217 4052 wissen
254 3997 342 4065 wind,
381 3998 426 4052 ein
463 4000 673 4069 empfehlendes
730 4000 929 4070 abschrecken‚
943 3999 1008 4054 weil
1022 3999 1073 4055 das
1087 4000 1163 4056 cine
1179 4003 1227 4071 (sc.
1241 4017 1291 4070 op-

114 4066 242 4137 Aussere,
266 4069 444 4124 nattrlichen
461 4069 591 4125 Anstand
616 4072 674 4126 und
727 4071 797 4126 time
816 4088 912 4141 posse,
936 4087 993 4125 was
1017 4088 1067 4126 aus
1090 4073 1155 4127 dem
1174 4073 1288 4126 vorher·

116 4139 323 4210 einegeftllige
334 4140 583 4211 Haltungbcsitzs.
607 4142 673 4213 Vgl.
728 4142 875 4211 gehendan
889 4141 976 4197 leicht
995 4161 1028 4196 zu
1047 4143 1216 4197 entnehmen
1231 4142 1289 4210 ist),

115 4209 185 4266 Inoo
209 4211 257 4281 qui
279 4227 336 4266 non
360 4214 468 4282 potest,
497 4213 547 4280 qui
569 4213 670 4269 vitiose
727 4212 854 4266 ntmlich
886 4230 952 4267 nur
984 4212 1290 4267 Vollkommenes

115 4279 192 4350 lacit,
211 4299 294 4351 quem
312 4299 369 4339 non
388 4283 477 4339 decet.
728 4282 898 4351 (absolut
917 4281 1017 4353 Gutes)
1031 4301 1063 4336 zu
1078 4281 1187 4350 lenton,
1203 4286 1289 4336 etwas

64 4404 66 4410 .
152 4356 177 4405 8.
195 4355 221 4407 ss·
242 4356 286 4408 cir
309 4355 396 4410 tonus
415 4386 448 4394 -
466 4370 549 4409 wenn
573 4373 605 4409 zu
624 4354 674 4409 der
733 4353 892 4409 Gottliches
911 4354 957 4422 ist,
976 4354 1037 4408 also
1055 4349 1149 4422 gewill
1169 4352 1296 4419 {cultata
