2856 4770
494 217 543 272 DE
562 216 733 273 ORATORE
752 219 777 272 Il
796 223 822 284 3,
840 233 873 274 ro.
889 234 922 273 11.
1227 217 1292 282 227

119 383 158 451 0.
172 381 333 449 Carbonia
351 381 535 467 eloquentia
551 380 656 445 acribo
676 380 807 465 aliquid,
828 381 862 444 in
877 402 939 465 quo
955 381 1052 445 liceat
1067 381 1147 447 mihi
1160 381 1293 466 fingere,

122 474 152 539 si
171 472 250 559 quid
267 471 372 555 velim,
391 471 513 536 nullius
532 469 689 534 memoria
707 470 770 533 iam
790 491 841 533 me
859 469 1042 554 refellente,
1060 470 1114 534 sed
1133 470 1193 535 edo
1211 470 1291 536 haec

121 562 169 627 eia
188 560 419 646 cognoscenda,
442 560 497 643 qui
519 581 574 625 eos
597 558 695 641 ipsos,
718 558 892 643 dequibus
916 558 1041 643 loquor,
1065 580 1160 642 saepe
1183 559 1293 624 audie·

122 655 214 732 runt3
237 651 274 714 ut
297 650 377 716 duos
397 670 541 713 summos
564 646 650 712 viros
669 649 725 730 eis,
748 648 803 731 qui
822 650 972 712 neutrum
991 647 1123 712 illorum
1141 647 1293 732 viderint,

122 760 244 821 eorum,
264 738 380 823 quibus
399 738 496 802 ambo
516 735 563 801 illi
583 739 729 801 oratores
748 736 872 820 cogniti
891 736 965 820 sint,
983 736 1130 801 virorum
1150 741 1183 801 et
1200 759 1291 821 prae·

36 826 41 839 “
123 828 264 893 sentium
287 827 444 892 memoria
466 830 549 891 teste
573 824 842 890 commendemus.

90 932 108 972 ⁴¹
211 914 244 980 N
246 937 281 981 ec
294 937 371 981 vero
389 919 432 1000 te,
450 914 616 980 carissime
634 913 736 977 frater
754 917 849 996 atque
869 913 1000 998 optime,
1018 914 1187 978 rhetoricis
1206 935 1291 979 nunc
1310 927 1329 984 8
1349 934 1383 985 10

95 1004 316 1090 8quibusdam
339 1004 443 1087 libris,
466 1026 546 1089 quos
569 1007 606 1067 tu
625 1005 771 1087 agrestes
793 1006 898 1086 putas,
921 1003 1075 1087 insequor
1093 1006 1130 1066 ut
1148 1002 1292 1068 erudiam

123 1093 218 1181 (quid
232 1093 319 1163 enim
333 1096 390 1158 tua
409 1096 518 1177 potest
536 1092 681 1157 oratione
701 1095 758 1155 aut
777 1091 928 1156 subtilius
943 1096 1001 1156 aut
1018 1092 1165 1156 ornatius
1185 1089 1292 1176 esaei)

82 1197 111 1239 1⁰
123 1182 181 1248 aed
203 1182 271 1248 sive
290 1181 423 1265 iudicio,
445 1186 483 1247 ut
502 1182 587 1247 soles
607 1180 721 1261 dicere,
745 1180 820 1261 sive,
843 1183 880 1243 ut
898 1181 953 1244 ille
976 1185 1071 1264 pater
1088 1181 1291 1263 eloquentiae

78 1289 109 1328 11
124 1271 162 1337 de
185 1293 221 1336 se
243 1269 405 1335 Isocrates
423 1269 567 1353 ,scripsit
593 1268 677 1353 ipse,
707 1268 829 1351 pudore
857 1290 876 1333 a
905 1269 1038 1334 dicendo
1062 1272 1094 1334 et
1116 1269 1292 1335 timiditate

122 1361 266 1444 ingenua
284 1360 422 1445 quadam
442 1358 603 1442 refugisti,
627 1358 709 1438 sive,
733 1362 769 1422 ut
791 1357 860 1441 ipse
879 1358 980 1423 iocari
999 1359 1092 1441 soles,
1115 1380 1215 1423 unum
1234 1381 1292 1443 pu·

82 1466 108 1507 1³
122 1449 202 1514 taati
225 1448 306 1514 satis
330 1469 401 1513 esse
424 1469 489 1512 non
513 1446 608 1511 modo
633 1446 667 1510 in
689 1467 756 1510 una
779 1446 903 1510 familia
921 1447 1093 1531 rhetorem,
1116 1447 1172 1511 sed
1191 1469 1292 1531 paene

121 1538 156 1602 in
178 1540 251 1602 tota
273 1538 420 1620 civitate,
443 1541 637 1601 nontamen
663 1534 802 1598 arbitror
820 1535 881 1599 tibi
903 1535 963 1601 hos
987 1536 1087 1601 libros
1107 1537 1141 1600 in
1165 1559 1203 1602 eo
1222 1537 1292 1601 fore

122 1647 250 1712 genere,
269 1626 354 1711 quod
373 1626 489 1689 merito
507 1627 640 1708 propter
658 1645 779 1703 eorum,
803 1625 859 1707 qui
879 1624 917 1689 de
937 1624 1061 1689 dicendi
1083 1626 1211 1690 ratione
1230 1625 1294 1689 dis-

82 1733 111 1773 16
123 1718 290 1798 putarunt,
313 1715 515 1780 ieiunitatem
534 1713 692 1778 bonarum
712 1713 831 1777 artium
849 1713 955 1796 possit
972 1711 1073 1778 illudi.
1092 1713 1184 1779 Nihil
1208 1715 1293 1778 enim
1313 1730 1345 1777 11

83 1823 110 1862 1⁷
125 1803 207 1869 mihi
230 1804 358 1888 quidem
381 1802 509 1868 videtur
532 1802 566 1866 in
590 1799 699 1867 Crassi
722 1807 755 1865 et
780 1802 917 1866 Antonii
941 1824 1088 1868 sermone
1112 1824 1181 1868 esse
1200 1824 1293 1886 prac-

81 1911 110 1951 18
123 1892 271 1971 teritum,
304 1892 389 1978 quod
417 1894 589 1977 quisquam
617 1890 753 1955 summis
784 1891 939 1975 ingeniis,
971 1891 1134 1957 acerrimis
1168 1892 1292 1977 studiis,

81 2000 109 2040 ro
122 1982 246 2064 optima
264 1980 419 2065 doctrina,
439 1981 579 2045 maximo
598 2001 659 2044 usu
678 1980 832 2063 cognosci
851 2002 889 2045 ac
907 1981 1029 2065 percipi
1047 1982 1193 2066 potuisse
1208 1981 1291 2046 arbi·

156 2197 181 2247 7.
205 2192 359 2260 rhetoricis,
383 2190 434 2246 wie
458 2189 534 2245 aeine
556 2190 679 2260 Jugend·
734 2188 860 2244 bildeten
878 2190 1003 2258 Redner,
1023 2206 1055 2244 so
1074 2191 1155 2245 einen
1174 2191 1293 2260 griechi-

121 2262 219 2319 schrift
237 2261 273 2317 de
290 2261 454 2318 inventione
473 2261 521 2316 Io.
734 2261 820 2316 achen
835 2261 1033 2327 Theoretiher3
1053 2262 1103 2315 das
1120 2262 1291 2332 griechische

156 2340 180 2389 8.
206 2339 336 2405 opicae,
360 2333 484 2402 gamem,
508 2332 621 2386 ordintr
639 2331 679 2385 Ill
734 2333 816 2386 Wort
833 2333 871 2386 ist
890 2332 1056 2388 absiohtlich
1080 2333 1219 2403 gewahlt,
1243 2336 1294 2389 der

121 2419 159 2471 423
177 2403 249 2459 Pla.
263 2403 383 2459 Phaedr.
402 2421 431 2474 p.
446 2403 535 2458 229E
554 2399 678 2477 ἀγροίκῳ
733 2402 895 2457 bekannten
931 2403 1050 2458 Ansicht
1087 2405 1135 2459 des
1174 2405 1291 2471 Quintus

121 2477 176 2529 arri
189 2477 276 2551 σοφίᾳ
290 2471 443 2544 reciperen
463 2475 498 2528 de
516 2474 571 2543 leg.
590 2474 643 2530 115
662 2490 678 2529 ο
733 2474 830 2528 Cicero
849 2474 1051 2543 entsprechend
1070 2474 1137 2543 (vgl.
1157 2477 1169 2529 I
1186 2478 1218 2545 o).

120 2561 181 2600 rem
189 2545 312 2616 dignam,
325 2545 356 2600 in
366 2562 422 2615 qua
435 2563 490 2601 non
505 2547 589 2600 modo
603 2546 679 2601 docti
770 2552 811 2600 16.
834 2546 1003 2600 ieiunitatem
1027 2547 1160 2602 bonarum
1179 2549 1290 2603 artium.

123 2630 220 2669 rerum
238 2616 322 2671 etiam
340 2620 464 2685 agrestes
483 2617 658 2672 erubescant.
732 2615 796 2684 Vgl.
817 2614 893 2670 Orat.
914 2632 953 2671 roa
967 2617 1074 2671 ieiunas
1094 2615 1176 2671 huius
1194 2618 1291 2673 multi-

163 2690 204 2740 10.
235 2687 290 2740 eive
310 2687 365 2740 wie
392 2702 439 2743 roa.
465 2688 530 2743 lae.
561 2688 607 2743 Or.
631 2704 678 2743 rro.
731 2686 813 2755 plicis
832 2686 967 2742 orationis
992 2703 1073 2742 aures
1097 2687 1221 2744 civitatis
1244 2706 1289 2747 ao·

126 2753 288 2810 ‘Trotzdem
314 2756 359 2811 die
381 2755 602 2828 Beschtftigung
625 2760 679 2815 mit
732 2758 865 2826 cepimus.

121 2826 173 2881 der
203 2825 427 2897 Beredsamlreit,
461 2845 510 2884 aua
546 2846 602 2883 was
634 2831 679 2884 fiir
769 2835 810 2885 11.
829 2845 963 2892 sermone,
985 2830 1038 2884 wie
1062 2847 1091 2885 es
1111 2830 1168 2886 Cic.
1187 2832 1291 2888 beiden

121 2895 256 2952 Griinden
283 2915 311 2953 er
338 2899 488 2953 immerhin
515 2902 575 2955 sein
603 2920 677 2970 mag,
731 2899 760 2954 in
780 2901 834 2954 den
852 2902 938 2954 Mund
956 2900 1024 2968 legt.

121 2969 192 3024 eben
217 2968 298 3025 nicht
324 2968 407 3024 deine
432 2969 618 3026 Liebhaberei
640 2972 680 3026 ist
763 2975 952 3040 praeteritum.
990 2970 1077 3026 Nioht
1095 2973 1140 3027 ein
1164 2972 1289 3044 fertiges,

120 3040 145 3109 (Ι
163 3042 199 3109 o):
225 3040 344 3096 diesmal
362 3042 445 3097 denk’
468 3042 515 3097 ich
538 3045 620 3098 sollst
639 3046 676 3096 du
732 3043 879 3097 treckenes
897 3043 1077 3111 Lehrsystem
1091 3045 1141 3098 hat
1156 3043 1214 3099 Cic.
1230 3046 1290 3100 auf-

119 3112 186 3166 eher
212 3110 364 3182 botriedigt
390 3113 523 3170 werden?
568 3113 595 3168 S.
623 3115 679 3169 den
732 3113 855 3182 gestellt,
866 3115 984 3168 sondern
996 3132 1025 3168 er
1036 3111 1148 3169 umlallt
1158 3115 1228 3170 alles
1239 3118 1288 3171 das

120 3181 186 3239 krit.
207 3182 277 3239 Anh.
731 3184 842 3240 Wissen
870 3185 927 3239 und
955 3184 1082 3253 Kinnen,
1110 3186 1207 3241 deasen
1235 3187 1288 3242 Be-

154 3255 268 3323 iudicio,
282 3271 333 3310 aus
347 3254 513 3324 emunata,
523 3256 610 3324 111593
631 3273 676 3312 110.
731 3257 900 3325 wttltigung‚
933 3273 976 3310 wo
1004 3256 1049 3310 die
1082 3256 1210 3324 gleichen
1238 3259 1290 3312 Be-

154 3326 201 3381 ilie
224 3331 305 3394 pater
335 3328 504 3396 eloquentior
532 3329 677 3384 Isocrates.
732 3327 907 3396 dispargen,
931 3328 983 3381 wie
1002 3328 1048 3381 bei
1068 3325 1110 3381 Or.
1130 3346 1156 3381 u.
1176 3330 1208 3382 A.
1228 3346 1292 3384 vora

118 3394 183 3467 Vgl.
202 3395 215 3448 I
232 3412 266 3452 ee.
730 3398 842 3451 handen
871 3404 976 3464 waren,
1009 3398 1051 3452 als
1079 3398 1143 3452 dem
1178 3398 1290 3454 Redner

156 3472 197 3523 11.
215 3468 336 3537 scripsit,
354 3468 383 3522 in
404 3466 496 3523 seiner
508 3470 676 3524 berr‘ihmten
731 3468 1289 3538 moglichangenommenwerdenmr'illte.

116 3537 245 3593 Lobrede
273 3538 325 3594 auf
349 3540 443 3593 Athen
476 3540 535 3593 und
567 3541 675 3607 Attila,
768 3545 808 3593 18,
832 3542 944 3595 enormia
966 3543 1086 3609 inpectis
1105 3541 1128 3610 (l
1149 3543 1212 3610 115),
1241 3560 1290 3612 ge·

117 3609 183 3663 dem
192 3608 419 3665 Panathenaikos
429 3615 445 3675 5
456 3615 490 3663 10
497 3629 524 3679 p.
535 3617 586 3665 261
603 3606 676 3665 niro
730 3610 902 3665 wohnlicher
912 3612 951 3664 ist
960 3629 1067 3666 summo
1078 3613 1199 3682 ingenio,
1216 3613 1290 3669 doch

115 3675 173 3749 γὰρ
188 3675 319 3764 minorita„
336 3675 505 3767 ἀμφοτέρων
538 3677 677 3769 iyfrdprpv
730 3681 802 3761 lassi
820 3683 879 3763 sich
895 3682 944 3736 der
962 3683 1042 3764 plur..
1049 3684 1123 3766 wohl
1139 3683 1227 3738 durch
1241 3687 1287 3739 die

116 3746 605 3891 tritltttlattli..tl‚
621 3773 676 3878 ‘ll
730 3752 1289 3893 11111111111111111111111111

118 3890 176 3948 (lic.
195 3893 349 3949 ubersetzt:
369 3892 438 3946 duas
457 3893 586 3961 sibime,
607 3912 676 3963 quo·
733 3895 859 3961 Anlagen
878 3895 941 3964 (wie
956 3894 996 3949 sie
1011 3895 1134 3950 namlich
1154 3896 1197 3950 Or.
1211 3915 1239 3953 u.
1254 3899 1287 3953 A.

117 3964 211 4017 minua
224 3962 255 4017 in
273 3963 374 4032 vulgus
389 3967 418 4017 et
434 3964 464 4018 in
482 3964 543 4019 foro
562 3965 676 4034 diceret,
730 3963 873 4034 besassen).
912 3965 984 4035 Einl.
1004 3966 1016 4018 I
1037 3972 1051 4032 ὅ
1072 3973 1097 4036 8,
1115 3983 1149 4022 aa.

117 4033 320 4089 confidentiam
336 4035 364 4088 et
377 4048 474 4088 vocem
489 4035 619 4091 defuisse.
639 4038 677 4090 Er
770 4042 809 4090 19.
821 4038 1116 4102 arbitraretur,wovon
1127 4038 1288 4093 einerhttte

117 4102 197 4159 fatre
221 4106 309 4159 daher
331 4104 420 4159 lieber
443 4103 539 4161 Reden
561 4109 606 4161 fiir
629 4123 676 4160 an·
732 4106 888 4162 annehmcn
903 4114 1015 4176 miger,
1031 4106 1128 4162 dasses
1143 4111 1289 4164 unterden

119 4174 185 4231 dere
203 4177 246 4245 ab,
266 4175 367 4245 quibus
386 4175 416 4229 in
434 4175 545 4232 iudiciis
565 4180 676 4233 uteren-
731 4178 919 4247 angeftihrten
938 4179 1201 4249 Voraussetzungen
1215 4179 1288 4235 habe

117 4246 176 4315 tur,
194 4246 272 4302 Brut.
290 4262 324 4303 aa.
731 4249 850 4303 erkannt
868 4250 981 4303 werden
1004 4252 1123 4304 kdnnen.
1160 4252 1216 4305 Das
1235 4251 1289 4304 im·

156 4325 196 4373 18.
228 4320 359 4374 rhetorem
393 4316 482 4389 (nicht
513 4321 672 4390 oratorem),
728 4320 798 4390 perf.
819 4337 915 4390 wegen
934 4322 982 4375 der
1000 4320 1164 4389 Beziehung
1176 4322 1293 4375 auidas

121 4384 198 4445 einen
230 4390 390 4460 gelehrtcn,
422 4388 594 4445 theoretisch
626 4409 675 4464 ge·
732 4392 880 4464 damahge
896 4391 1059 4462 hespradn.
