2856 4770
352 231 401 286 DE
421 227 595 286 ORATORE
613 229 639 284 11
658 236 702 301 35,
720 245 768 288 ese.
786 245 834 286 aso.
853 234 898 299 86,
916 244 965 286 aar.
983 244 1031 286 aaa.
1214 227 1278 292 371

71 394 222 460 roratori
245 392 404 458 virtutum
427 393 570 458 omnium
595 393 825 479 cognitionem,
844 394 913 458 sine
937 414 1000 476 qua
1022 391 1167 456 laudatio
1191 389 1277 457 effici

70 503 166 548 anon
189 483 302 566 possit,
326 502 396 545 esse
418 483 645 547 necessariam.
683 487 752 546 Iam
774 481 982 566 vituperandi
1003 483 1178 564 praecepta
1201 501 1275 545 con·
1296 495 1348 545 343

99 571 209 636 trariis
234 593 273 634 ex
294 570 382 634 vitiis
406 570 563 635 sumenda
587 591 656 635 esse
679 570 885 654 perspicuum
909 573 966 633 est.
1005 567 1109 633 Simul
1128 572 1178 633 est
1195 568 1277 632 illud

69 664 175 726 rante
199 660 319 742 oculos,
341 680 401 723 nec
423 659 544 723 bonum
568 660 673 723 virum
696 659 828 744 proprie
851 657 1037 740 etcopiose
1060 657 1187 721 laudari
1205 658 1275 722 sine

98 749 256 813 virtutum
287 768 347 812 nec
378 747 566 831 improbum
597 749 705 813 notari
738 768 776 812 ac
808 747 985 830 vituperari
1018 746 1090 810 sine
1121 746 1276 811 vitiorum

70 837 288 922 ecognitione
307 835 387 900 satis
406 836 561 922 insignite
581 839 678 919 atquc
693 857 806 920 aspare
823 857 930 918 posse.
954 837 1063 918 Atque
1082 834 1133 898 his
1147 835 1229 899 locis
1245 837 1278 898 et

99 925 254 990 laudandi
268 927 301 988 et
313 924 518 1008 vituperandi
534 946 631 1009 saepe
645 924 740 989 nobis
756 930 806 988 est
825 923 981 988 utendum
1000 923 1035 987 in
1050 923 1139 988 omni
1158 943 1276 1006 genere

69 1035 326 1167 ,eausaqurp,tis
345 1101 384 1165 de
402 1100 604 1166 inveniendis
624 1101 720 1165 rebus
740 1099 1012 1185 disponendisque
1032 1099 1108 1183 quid
1127 1099 1275 1164 sentiam.
1295 1111 1348 1166 350

100 1191 284 1276 Adiungam
304 1190 403 1255 etiam
422 1190 461 1254 de
480 1189 675 1271 memoria,
695 1193 731 1254 ut
750 1189 862 1253 labore
877 1185 1031 1252 Crassum
1050 1188 1153 1253 levem
1173 1208 1277 1271 neque

98 1281 129 1345 ei
153 1280 329 1363 quidquam
353 1279 450 1358 aliud,
474 1279 513 1342 de
537 1300 600 1362 quo
624 1278 772 1361 disserat,
795 1277 977 1361 relinquam
1000 1276 1064 1341 nisi
1088 1297 1134 1358 aa,
1159 1275 1276 1359 quibus

98 1369 179 1434 haec
203 1371 408 1432 exornentur.

187 1455 291 1541 Perge
314 1477 398 1537 vero,
420 1455 528 1540 inquit
552 1452 715 1520 Canssus.
759 1451 916 1518 Libenter
941 1453 1027 1518 enim
1049 1455 1082 1517 te
1106 1453 1275 1536 cognitum
1293 1456 1332 1512 83

57 1564 85 1604 14
98 1546 165 1610 iam
185 1545 343 1610 artificem
362 1544 599 1628 aliquandoque
614 1543 780 1607 evolutum
799 1542 865 1606 illis
879 1543 1113 1627 integumentis
1128 1541 1277 1606 dissimu-

97 1633 231 1699 lationis
258 1636 333 1697 tuae
361 1632 582 1716 nudatumque
611 1632 785 1716 perspici03
819 1636 852 1694 et
880 1630 966 1715 quod
998 1630 1079 1694 mihi
1106 1630 1189 1694 nihil
1219 1632 1276 1694 aut

99 1722 185 1808 quod
214 1743 281 1787 non
311 1722 449 1786 multum
480 1721 649 1805 relinquis,
678 1720 905 1803 percommode
936 1717 1018 1783 facis
1049 1722 1161 1802 estque
1193 1717 1276 1782 mihi

122 1814 239 1876 ratum.
543 1805 546 1823 ¹

99 1831 121 1895 g
187 1899 257 1964 lam
280 1898 364 1962 istuc
387 1900 544 1982 quantum
566 1897 631 1961 tibi
654 1917 714 1981 ego
738 1896 934 1981 reliquerim,
951 1896 1059 1980 inquit
1077 1895 1273 1978 ANTONIUS,
1293 1910 1344 1961 351

58 2006 84 2046 13
100 1988 162 2053 erit
185 1989 220 2052 in
243 1990 301 2051 tua
323 1990 494 2071 potestate.
527 1983 562 2049 si
586 1986 672 2049 enim
695 2007 769 2050 vere
794 2007 891 2070 agere
914 1985 1065 2068 volueris,
1085 1984 1194 2049 omnia
1212 1983 1275 2048 tibi

98 2077 259 2160 relinquo,
288 2075 338 2139 sin
365 2074 584 2157 dissimulare,
611 2077 648 2138 tu
676 2073 946 2156 quemadmodum
974 2073 1027 2136 his
1056 2073 1136 2137 satis
1164 2071 1276 2156 facias,

59 2183 84 2222 21
98 2164 227 2231 rideris.
272 2161 349 2246 Sed,
372 2170 409 2228 ut
432 2163 472 2226 ad
495 2184 564 2226 rem
587 2162 732 2244 redeam,
754 2183 821 2226 non
845 2184 917 2226 sum
946 2165 1039 2226 tanto
1064 2181 1140 2246 ego,
1162 2161 1276 2244 inquit,

58 2271 84 2312 aa
98 2254 244 2338 ingenio,
268 2255 391 2337 quanto
415 2251 649 2316 Themistocles
676 2249 752 2332 fuit,
779 2254 818 2314 nt
844 2249 1018 2314 oblivionis
1047 2256 1150 2314 artem
1177 2269 1276 2332 quam

99 2342 275 2408 memoriae
298 2341 423 2423 malim3
452 2341 655 2425 gratiamque
682 2338 788 2404 habeo
812 2336 970 2403 Simonidi
1000 2338 1052 2402 illi
1075 2336 1153 2417 Ceo,
1179 2359 1276 2422 quem

98 2430 241 2515 primum
263 2429 374 2494 ferunt
399 2432 501 2493 artem
524 2428 699 2493 memoriae
721 2427 906 2513 protulisse.
938 2425 1063 2492 Dicunt
1086 2426 1182 2508 enim,
1201 2447 1275 2491 curn
1294 2440 1345 2492 352

99 2522 230 2585 cenaret
244 2515 414 2583 Crannone
432 2517 467 2581 in
482 2516 653 2582 Thessalia
671 2515 853 2582 Simonides
873 2515 958 2598 apud
974 2513 1112 2598 Scopam
1131 2514 1276 2580 fortuna·

101 2610 172 2671 tum
189 2607 354 2672 hominem
374 2609 406 2670 et
424 2606 566 2670 nobilem
585 2605 819 2688 cecinissetque
838 2604 871 2668 id
890 2625 1029 2687 carmen,
1048 2603 1132 2686 quod
1151 2604 1185 2666 in
1202 2624 1276 2666 eum

60 2712 87 2752 ar
103 2694 295 2778 scripsisset,
312 2694 347 2758 in
366 2717 429 2779 quo
454 2695 549 2759 multi
573 2692 712 2759 ornandi
735 2714 833 2758 causa
855 2695 1026 2778 poetarum
1050 2713 1139 2756 more
1162 2692 1197 2755 in
1215 2689 1276 2756 Ca·

101 2904 203 2959 monet.
236 2901 292 2956 fast
323 2919 393 2972 ganz
429 2904 590 2973 iibergehen
626 2923 660 2958 ru
712 2901 795 2957 niker
813 2902 842 2956 in
858 2903 907 2956 der
921 2900 1066 2968 Rhetorik,
1081 2899 1276 2968 Theoretiker,

99 2972 203 3030 wollen
222 2973 327 3028 erkldrt
345 2974 433 3028 hatte.
713 2974 766 3028 wie
785 2973 935 3029 artificium
954 2971 1087 3040 Theorie,
1105 2985 1140 3039 51,
1155 2972 1167 3024 Ι
1182 2987 1219 3039 33,
1239 2987 1274 3026 33.

136 3050 161 3099 1.
180 3045 315 3100 uirtutum
333 3046 513 3114 cognitionem
536 3076 570 3084 —
594 3044 658 3099 wie-
715 3045 784 3098 ‘Der
803 3045 862 3098 sich
880 3042 976 3097 bishar
994 3044 1094 3096 immor
1110 3060 1163 3096 nur
1181 3042 1211 3096 in
1225 3042 1276 3097 der

100 3116 149 3171 der
176 3115 215 3170 im
242 3112 390 3170 Anschlull
418 3131 454 3170 an
482 3116 659 3182 Aristoteles,
713 3115 811 3169 Maske
833 3116 883 3169 des
907 3113 1071 3168 Praktikers
1095 3112 1199 3181 neigte‚
1223 3114 1274 3167 hat

99 3186 173 3242 Einl.
192 3186 206 3239 I
224 3191 239 3251 ς
255 3191 279 3254 7,
294 3201 330 3241 33.
714 3185 773 3240 sich
793 3184 905 3239 endlich
920 3183 962 3238 als
977 3183 1027 3238 der
1040 3182 1169 3238 schdnste
1184 3182 1275 3238 Thec-

135 3263 160 3313 2.
184 3258 274 3380 Ροεῧίι
296 3272 388 3381 {egen
412 3256 458 3311 die
476 3257 564 3312 Norm
589 3258 660 3312 statt
713 3255 890 3310 rienmacher
926 3254 1078 3324 entpuppt’
1113 3255 1275 3323 (evolutus),

120 3332 204 3383 osset.
257 3344 287 3382 er

99 3346 193 3453 ictum
207 3397 368 3466 cognitione
382 3398 509 3453 laudatio
520 3398 594 3453 effici
604 3416 660 3453 non
748 3397 985 3464 dissimulationis,
1004 3411 1024 3450 ι.
1035 3410 1069 3450 ro.
1089 3397 1121 3449 ln
1136 3395 1186 3449 der
1200 3394 1275 3464 posi·

100 3471 196 3538 potest
213 3468 252 3522 ist
270 3469 316 3523 ein
334 3469 585 3538 allgameiner,f1'ir
603 3470 659 3524 alle
712 3467 791 3523 tiven
806 3466 988 3536 Darstellung
1005 3466 1055 3521 des
1068 3465 1209 3522 Antonius
1224 3465 1275 3536 (im

101 3539 163 3594 Zeit
182 3540 314 3609 gtiltiger.
347 3539 401 3594 Cir.
421 3539 461 3593 111
474 3555 501 3595 er
519 3539 660 3594 Arcesilas
713 3538 796 3608 ΠΒ.)
810 3537 917 3593 lautete
932 3537 1085 3607 allerdings
1100 3538 1173 3592 auch
1187 3535 1275 3593 vieles

101 3609 660 3665 exsermonibusSocraticishocmaxime
714 3611 827 3677 andem,
844 3608 887 3664 als
907 3608 951 3676 da,
966 3625 1009 3662 wo
1029 3625 1059 3662 er
1078 3607 1139 3662 sich
1157 3608 1208 3662 auf
1220 3608 1276 3662 den

100 3681 238 3764 adripuit,
257 3681 329 3734 nihil
348 3698 409 3737 esse
428 3681 498 3736 certi
516 3683 591 3750 quod
610 3685 661 3737 aut
715 3680 895 3750 Standpunlrt
918 3679 967 3733 der
992 3677 1160 3749 Opposition
1183 3694 1276 3748 gegan

101 3754 229 3807 sensrbus
249 3752 298 3805 aut
316 3753 409 3806 animo
432 3751 542 3822 percipi
562 3753 660 3820 possit
715 3751 831 3806 Crassus
846 3769 880 3804 au
895 3749 996 3805 stellen
1012 3750 1101 3817 hatte,
1116 3749 1233 3818 (ugione
1247 3766 1274 3802 u.

136 3829 162 3878 4.
177 3823 292 3892 proprie
310 3827 335 3876 et
354 3825 467 3892 copiose,
485 3823 590 3893 richtig
603 3824 660 3878 und
714 3823 805 3892 Iam).

100 3892 292 3963 erschdpiend.
752 3898 794 3948 19.
821 3909 882 3949 uere
909 3907 1005 3960 apere,
1033 3889 1187 3958 aufriohtig
1213 3904 1276 3942 rer-

138 3971 162 4020 6.
191 3964 322 4034 irnipnite
353 3967 434 4031 atque
465 3982 572 4032 aspere,
605 3965 660 4033 eig.
713 3964 813 4018 fabren
837 3962 909 4017 dh.
935 3961 997 4015 hier
1020 3960 1193 4029 vonsnndig
1215 3959 1276 4014 sein

100 4033 258 4103 kenntlich,
273 4033 334 4088 also
352 4033 471 4088 ueffend
485 4037 543 4087 und
557 4035 660 4103 scheri,
714 4035 754 4088 im
768 4033 925 4103 Gegensata
938 4047 994 4087 von
1009 4030 1185 4086 dissimulare
1203 4031 1277 4099 (hin-

100 4121 148 4161 353.
713 4106 758 4159 ter
776 4105 840 4160 dem
858 4102 948 4173 Berge
967 4101 1083 4171 halten).

137 4182 162 4231 9.
187 4175 216 4232 C.
235 4175 344 4230 Lehre
367 4190 431 4229 von
454 4175 515 4229 der
532 4178 661 4231 memoria
751 4181 793 4229 21.
812 4176 923 4240 cidaris,
941 4188 976 4229 33.

103 4246 288 4314 (Mnemonik)
304 4263 327 4302 c.
338 4249 382 4312 85,
391 4250 511 4313 aso—88,
520 4259 569 4301 aco.
588 4244 661 4300 Einl.
751 4250 794 4302 22.
815 4245 1012 4311 Themistocles,
1030 4258 1078 4299 aas.

102 4315 129 4368 ΙΙ
147 4322 162 4382 5
181 4321 206 4383 5,
220 4333 254 4373 aa.
751 4323 794 4370 27.
815 4322 959 4384 poctarum
985 4331 1058 4370 more
1076 4343 1111 4354 -
1129 4311 1183 4368 wie
1202 4332 1224 4366 a.
1244 4313 1275 4368 B.

140 4392 181 4442 14.
188 4385 663 4457 unificumueohteigenuiehreeh-
716 4385 747 4440 in
764 4385 882 4441 Pindars
902 4386 1152 4456 Siegesgesttngen.

322 3330 367 3381 ata
386 3326 446 3382 sine
465 3327 590 3382 omnium
603 3328 659 3383 vir-
713 3326 824 3383 soherzt
843 3325 964 3381 Crassus.
