2856 4770
103 209 168 276 226
478 213 527 268 oa
546 213 720 270 oaaroaa
739 214 767 268 11
785 220 812 285 a,
830 231 900 272 'l-a.

104 395 231 459 semper
248 374 328 440 haec
348 397 473 441 summa
492 377 595 456 duxit,
614 379 734 443 multos
748 373 801 460 [et
818 378 959 463 ingeniis
974 380 1020 460 et]
1040 398 1161 462 magna
1179 376 1273 441 laude

105 462 231 528 dicendi
263 464 331 529 sine
370 486 497 531 summa
529 487 636 530 rerum
669 467 813 532 omnium
847 467 981 532 scientia
1017 466 1117 531 fuisse
1153 465 1272 549 fateor,

104 552 202 616 talem
225 573 301 618 vero
325 553 479 619 exsistere
502 555 731 640 eloquentiam,
754 555 858 640 qualis
877 556 941 621 fuit
963 557 998 620 in
1017 553 1134 621 Crasso
1158 558 1191 619 et
1209 554 1274 618 An-

104 641 204 725 tonio,
222 663 289 706 non
307 643 447 728 cognitis
467 644 562 708 rebus
582 645 742 730 omnibus,
760 666 843 729 quae
862 645 902 709 ad
920 648 1047 709 tantam
1066 643 1274 727 prudentiam

104 730 314 814 pertinerent,
332 735 521 817 tantamque
541 731 666 797 dicendi
684 734 820 818 copiam,
840 736 963 818 quanta
980 733 1015 798 in
1032 733 1097 798 illis
1116 732 1187 816 fuit,
1206 753 1274 797 non

70 832 86 882 ἰ
105 819 250 902 potuisse
270 821 434 886 confirmo.
466 818 537 897 Quo
556 822 654 886 etiarn
672 822 735 887 feci
752 821 918 906 libentius,
936 824 973 887 ut
991 844 1064 887 eum
1083 839 1299 904 sermonem,c

106 928 201 992 quem
219 907 268 973 illi
284 909 447 992 quondam
465 911 551 974 inter
570 932 604 975 se
623 910 661 975 de
678 911 730 976 his
753 911 849 976 rebus
867 911 1069 994 habuissent,
1086 909 1273 974 mandarem

105 994 237 1081 litteris,
262 998 313 1062 vel
331 1003 368 1063 ut
386 998 444 1063 illa
462 998 585 1082 opinio,
610 1021 691 1084 quae
711 1021 836 1083 semper
855 1000 981 1084 fuisset,
999 1000 1176 1077 tolleretur,
1196 999 1300 1062 alte-a

105 1107 179 1150 rum
202 1107 268 1151 non
292 1086 530 1172 doctissimum,
554 1088 690 1153 alterurn
714 1089 813 1172 plane
836 1088 1002 1154 indoctum
1025 1087 1140 1171 fuisse,
1163 1087 1215 1151 vel
1238 1090 1275 1152 ut

107 1195 152 1255 ea,
176 1196 259 1259 quae
282 1175 500 1241 existimarem
525 1199 544 1242 a
567 1177 702 1242 summis
721 1178 905 1243 oratoribus
929 1177 967 1242 de
991 1176 1174 1261 eloquentia
1197 1175 1274 1240 divi-

106 1263 194 1328 nitus
227 1285 297 1329 esse
330 1264 430 1349 diota,
464 1265 659 1330 custodirem
690 1266 824 1350 litteris,
857 1267 885 1331 si
920 1267 987 1332 ullo
1015 1266 1110 1331 modo
1139 1265 1275 1348 adsequi
1288 1287 1314 1324 11

107 1353 340 1437 complectique
358 1353 559 1439 potuisscm3'
572 1355 623 1419 vsl
642 1354 823 1421 mehercule
842 1355 942 1421 etiam
961 1357 998 1419 ut
1015 1354 1143 1419 laudern
1163 1375 1274 1418 eorum

105 1440 171 1504 iam
199 1463 300 1526 prope
327 1447 561 1522 senescentem,
593 1446 749 1529 qnantum
780 1465 840 1529 ego
868 1465 1012 1530 possem,
1040 1443 1080 1507 ab
1111 1442 1275 1508 oblivione

69 1525 275 1594 8Ιιοιιιίιιιιιιι
306 1534 402 1615 atque
431 1554 450 1596 a
478 1532 607 1597 silentio
639 1532 845 1598 vindicarem.
899 1531 986 1597 Nam
1019 1531 1048 1595 si
1080 1553 1119 1595 ex
1146 1531 1275 1614 scriptis

106 1619 257 1703 cognosci
283 1619 348 1704 ipsi
375 1620 442 1686 suis
471 1621 668 1707 potuissent,
701 1623 808 1686 minus
840 1621 903 1687 hoo
929 1621 1068 1687 fortasse
1096 1620 1177 1684 mihi
1204 1640 1275 1684 esse

105 1711 271 1791 putassem
285 1708 513 1794 laborandum3
539 1710 595 1774 sed
615 1732 688 1775 cum
702 1712 784 1786 alter
797 1733 863 1776 non
879 1710 1028 1789 multum,
1047 1708 1132 1792 quod
1147 1708 1275 1792 quidem
1291 1729 1316 1769 ι(

106 1799 262 1882 exstaret,
286 1802 320 1862 et
342 1799 373 1862 id
396 1798 504 1882 ipsum
528 1799 727 1878 adulescens,
752 1800 835 1864 alter
858 1799 941 1863 nihil
965 1797 1138 1863 admodum
1162 1796 1276 1881 scripti
1291 1818 1316 1858 ιι

105 1886 301 1972 reliquisset,
329 1885 439 1951 deberi
467 1886 529 1952 hoc
558 1910 577 1952 a
599 1909 651 1952 me
673 1889 776 1953 tantis
800 1888 969 1953 hominum
992 1887 1132 1972 ingeniis
1155 1885 1277 1969 putavi,

106 1977 151 2058 ut,
175 1997 248 2040 cum
272 1974 370 2038 etiam
388 1996 475 2040 nunc
493 1977 601 2041 vivam
621 1978 752 2042 illorum
771 1978 959 2042 memoriam
979 1980 1169 2058 teneremus,
1193 1974 1276 2040 hanc

72 2063 328 2143 aimmortalem
356 2063 537 2148 redderem,
566 2065 593 2128 si
621 2087 760 2151 possam.
806 2065 899 2142 Quod
925 2065 988 2131 hoc
1017 2062 1115 2129 etiarn
1140 2085 1197 2146 spe
1221 2083 1276 2147 ag·

106 2152 236 2236 gradior
260 2152 382 2218 maiore
406 2152 448 2219 ad
470 2153 687 2240 probandum,
711 2154 787 2240 quia
810 2154 936 2220 nonde
960 2152 1026 2219 Ser.
1072 2152 1194 2218 Galbae
1219 2157 1276 2216 aut
1290 2175 1315 2213 ar

141 2333 164 2384 6.
191 2327 251 2398 Quo
273 2328 355 2383 etiam
379 2332 431 2383 eto.
477 2324 543 2380 Dall
567 2327 663 2384 Cicero
751 2345 809 2385 mom
826 2330 942 2385 maltum
959 2327 1084 2383 namlioh
1103 2327 1272 2397 scripsisset.

106 2398 166 2453 sich
185 2402 243 2453 erst
255 2398 317 2453 bier
337 2414 368 2453 so
383 2395 485 2453 dullart
503 2399 571 2469 (und
585 2399 665 2455 nieht
755 2407 796 2456 17.
819 2401 892 2455 mihil
914 2401 1073 2465 admodum,
1094 2399 1151 2453 fast
1174 2414 1204 2452 ιο
1224 2402 1276 2467 gut

105 2469 224 2538 bereits,
247 2469 301 2525 wie
323 2486 390 2524 man
408 2489 443 2524 au
461 2472 598 2525 erwarten
617 2487 665 2540 ge·
710 2471 771 2526 ,wie
783 2471 890 2539 nichta,
906 2470 980 2525 denn
991 2470 1041 2524 das
1050 2469 1276 2524 mehrerw'ahnte

106 2543 186 2612 neigt
202 2541 249 2610 ist,
267 2543 306 2595 im
324 2542 484 2598 Probmium
505 2541 554 2596 des
574 2548 597 2597 1.
611 2541 664 2612 B.),
719 2542 897 2598 Schriftehen
920 2542 955 2596 de
984 2541 1093 2595 ratione
1118 2540 1229 2595 dicendi
1253 2540 1276 2608 (l

105 2613 157 2668 hat
175 2613 257 2667 darin
275 2611 371 2667 seinen
390 2612 501 2682 Grund,
524 2613 589 2668 weil
607 2617 665 2668 erat
718 2630 756 2681 943
780 2629 831 2679 aoa;
850 2615 901 2682 aaa)
924 2613 1000 2667 kann
1018 2612 1080 2666 hier
1098 2610 1170 2666 eben
1196 2609 1277 2665 nicht

106 2685 159 2739 mit
177 2683 281 2739 diesem
295 2683 373 2738 Buch
388 2685 433 2739 die
447 2685 663 2754 Hauptdarstel-
717 2686 746 2740 in
760 2684 895 2739 Betracbt
908 2683 1047 2738 hominen.
1075 2681 1153 2738 Brut.
1168 2681 1275 2736 resvel-

105 2754 664 2826 lungdereloquentiabeginnt,w'ahrend
718 2758 773 2811 lem
793 2755 900 2824 aliquid
922 2752 1044 2809 Antonio
1062 2754 1176 2822 praeter
1193 2751 1275 2832 illum

106 2825 157 2880 das
173 2833 197 2880 1.
212 2826 243 2880 B.
257 2842 310 2880 nur
324 2826 379 2880 den
394 2826 467 2896 Weg
480 2827 551 2880 daau
565 2826 663 2880 bahnt.
718 2828 752 2882 de
775 2826 885 2882 ratione
904 2825 1016 2880 dicendi
1035 2841 1102 2879 sane
1121 2823 1223 2878 erilem
1241 2823 1275 2876 lr-

142 2903 166 2953 8.
190 2913 259 2968 quoe
276 2913 378 2965 semper
400 2898 496 2963 scisset
515 2913 535 2952 1.
559 2912 592 2952 ιο.
611 2911 663 2963 2³53
717 2897 830 2960 bellum.
849 2899 932 2966 plura
946 2894 1044 2950 Crasso
1061 2895 1191 2949 libuisset
1208 2896 1275 2949 sori·

105 2968 191 3022 Acad.
214 2967 286 3037 113,
307 2983 320 3022 a
344 2983 407 3021 cum
434 2984 468 3023 eo
493 2965 609 3021 Catulus
636 2968 665 3023 et
718 2968 791 3023 bere.
820 2965 1120 3023 DahcrOr.1aaCrassi
1135 2981 1277 3035 perpauca

105 3039 236 3094 Lucullus
259 3054 365 3108 nosque
383 3037 438 3108 ipsi
462 3037 598 3107 postridie
619 3054 665 3093 ve·
719 3042 791 3106 runt,
810 3038 883 3093 nihil
901 3037 1025 3092 Antonii.

105 3111 253 3178 nissemus,
267 3125 350 3178 quam
365 3108 439 3177 apud
454 3108 583 3164 Catulum
596 3108 664 3163 fuis·
754 3116 796 3164 21.
812 3111 849 3165 ad
855 3110 1038 3179 probandam.
1059 3108 1114 3162 (lic.
1125 3106 1204 3174 hofft,
1219 3105 1277 3162 dall

107 3197 207 3236 semus.
294 3228 300 3245 .,
718 3198 784 3234 man
803 3180 848 3234 die
867 3180 1017 3234 Wahrheit
1040 3178 1132 3233 seiner
1150 3179 1276 3233 Darstel-

144 3257 185 3317 11.
204 3252 230 3307 ai
238 3252 294 3307 ullo
304 3252 382 3306 modo
392 3253 445 3306 etc.
455 3250 528 3306 denn
536 3251 608 3305 auch
619 3251 664 3306 die
718 3251 799 3319 lans,
826 3268 884 3307 was
908 3251 954 3305 dia
976 3249 1079 3305 beiden
1096 3249 1209 3304 Redner
1227 3250 1276 3305 be·

105 3322 666 3392 besteDarstellungbleibtimmerhinter
718 3322 790 3378 trifft
808 3322 892 3391 (Einl,
911 3323 924 3376 I
943 3327 958 3387 5
978 3328 1004 3389 8,
1021 3325 1071 3389 aa),
1093 3339 1142 3375 um
1161 3337 1191 3376 ιο
1210 3321 1278 3375 aher

107 3393 171 3449 dem
189 3393 268 3448 Ideal
281 3393 391 3448 curticle.
419 3393 483 3464 Vgl.
498 3392 538 3447 llI
552 3409 577 3448 u
591 3393 619 3447 ff.
719 3393 896 3449 anerlrennen
906 3392 1007 3460 werde,
1020 3391 1277 3462 alserAngesichts

143 3471 184 3520 16.
213 3467 282 3520 alter
300 3481 337 3521 ιο.
357 3465 479 3519 Crassus.
496 3464 541 3520 Or.
557 3480 596 3519 raa
611 3462 665 3519 Sed
718 3464 792 3520 noch
816 3464 949 3519 lebender
972 3464 1083 3533 Zeugen
1108 3462 1203 3534 redet,
1231 3462 1277 3518 die

107 3534 198 3590 Crassi
221 3551 363 3605 perpauca
386 3538 462 3602 sunt,
491 3552 543 3590 nec
567 3545 601 3590 ea
623 3535 665 3589 iu·
720 3535 765 3591 die
784 3533 960 3606 Richtiglrsit
982 3533 1073 3589 seinar
1091 3533 1278 3604 Schilderung

106 3606 256 3675 diciorum,
281 3607 401 3661 sondern
424 3623 474 3661 aus
493 3606 558 3660 dem
576 3622 664 3676 genus
717 3606 910 3663 hontrolieren
923 3606 1043 3661 konnen.
1062 3604 1277 3672 DiaWendung

106 3677 333 3745 deliberativum,
371 3677 586 3748 hauptstchlich
618 3676 664 3732 die
719 3679 945 3748 adprobandum,
959 3676 1275 3746 womanmeprobatu·

106 3749 199 3804 suasio
209 3749 284 3818 legis¹
291 3748 425 3804 Serviliae
435 3748 518 3819 (Einl.
527 3748 539 3802 Ι
549 3754 565 3814 5
577 3755 620 3817 10,
628 3751 664 3818 aa)
718 3766 780 3803 rum
790 3764 850 3803 esse
860 3749 998 3802 erwarten
1011 3746 1126 3812 kemite,
1139 3748 1177 3802 ist
1189 3741 1275 3799 durch

105 3839 133 3876 u.
147 3821 182 3876 de
197 3819 309 3875 colonia
322 3820 507 3875 Narbonensi.
527 3820 605 3875 Brut.
625 3835 665 3875 ιοο
719 3821 769 3875 das
779 3818 1013 3874 nachststehende
1024 3817 1275 3893 aggrediorveran-

106 3897 194 3948 exstat
207 3891 237 3946 in
251 3908 314 3946 eam
326 3891 420 3960 legem
434 3921 468 3931 -
483 3891 582 3946 oratio.
601 3891 665 3946 Von
717 3889 793 3946 lallt:
808 3908 837 3946 es
851 3890 889 3945 ist
899 3887 963 3944 Cic!
973 3890 1099 3956 Absicht,
1114 3888 1190 3942 aeine
1200 3886 1275 3939 Zeit-

106 3964 212 4017 andern
239 3961 336 4018 Reden
362 3963 442 4017 hatte
470 3960 583 4016 Crassus
612 3980 665 4017 nur
718 3978 855 4034 genosssn
869 3977 924 4016 von
939 3961 1002 4015 dem
1016 3954 1276 4014 wirklichenSaoh-

106 4033 229 4088 einzelne
265 4032 395 4088 Partieen
426 4032 664 4130 herausgeqeben¹
717 4033 876 4088 verbaltru
889 4028 1147 4112 uberaeugen,·und
1161 4044 1190 4082 er
1203 4025 1277 4082 hofft

48 4101 56 4131 ⁸
105 4123 128 4158 a.
147 4105 178 4159 B.
197 4122 252 4160 von
276 4105 326 4159 der
345 4103 472 4173 Anklage
496 4105 544 4159 des
563 4106 664 4172 barbo,
718 4103 803 4171 auch,
827 4100 883 4158 dall
903 4118 933 4158 es
956 4102 1015 4157 ihm
1033 4099 1153 4172 gehuge.
1189 4097 1276 4168 (Odor

106 4178 156 4230 der
173 4174 378 4245 Verteidigung
392 4174 441 4229 des
456 4174 560 4245 Caepio
574 4194 601 4231 ιι.
615 4177 665 4230 der
719 4176 755 4231 ad
769 4175 799 4229 id
808 4174 985 4244 probandum
994 4169 1144 4243 aggredior
1159 4169 1206 4224 ‘an
1220 4170 1275 4224 den

106 4247 196 4303 oratio
220 4245 348 4302 censoria
376 4248 473 4301 eontra
496 4247 545 4302 Cn.
568 4246 665 4301 Domi·
718 4247 825 4302 Beweis
849 4245 938 4300 dieser
961 4242 1184 4312 Behauptungen
1201 4242 1275 4296 trote

104 4319 189 4384 tium,
214 4318 259 4373 die
282 4335 335 4372 nur
358 4317 399 4371 als
425 4317 472 4372 ein
490 4319 576 4372 etwas
595 4318 665 4372 voll-
718 4319 765 4373 ich
783 4317 836 4372 mit
853 4335 901 4371 um
924 4333 954 4372 so
978 4311 1111 4386 grosserer
1134 4312 1276 4383 Hoffnung

97 4389 251 4459 standiger
265 4385 359 4444 Abriss
376 4387 474 4460 gellen
491 4389 606 4445 konnte.
718 4389 806 4444 heran
827 4390 894 4458 -').
