2856 4770
440 212 489 268 DE
508 212 678 270 ORATOPdl
700 214 787 282 1144,
807 229 855 270 rar.
883 218 926 282 41,
946 231 992 270 raa.
1236 216 1300 281 301

102 377 246 442 rdatam.
292 377 432 442 Facilius
457 380 507 441 est
531 377 616 441 enim
640 380 832 461 currentem,
854 380 892 441 ut
915 377 1021 456 aiunt,
1045 378 1182 443 incitare
1205 401 1303 462 quam

102 487 330 530 acommouere
349 465 565 547 languentem.
603 463 660 530 Sin
677 465 712 529 id
730 468 871 531 autnon
891 467 952 530 erit
970 469 1027 531 aut
1046 466 1109 531 erit
1127 468 1303 552 obscurius,

101 556 212 620 asicut
230 555 354 624 medico
369 554 532 639 diligenti,
551 554 741 638 priusquam
760 559 896 618 conetur
914 575 1011 639 aegro
1032 555 1185 621 adhibere
1204 557 1302 621 medi-

128 644 249 726 cinam,
277 665 342 709 non
370 644 475 708 solum
503 644 636 707 morbus
660 643 744 727 eius,
771 642 823 707 cui
850 644 971 707 mederi
993 645 1096 727 volet,
1124 644 1302 710 sedetiam

128 733 327 797 consuetudo
357 733 497 797 valentis
529 737 561 795 et
590 736 708 796 natura
738 731 882 814 corporis
913 734 1139 817 cognoscenda
1162 738 1224 798 est:
1257 735 1302 798 sio

102 821 278 905 sequidem
303 843 376 885 cum
400 820 573 906 aggredior
596 822 631 885 in
659 820 794 904 ancipiti
817 841 914 885 causa
938 827 971 884 et
995 823 1086 906 gravi
1110 823 1151 887 ad
1175 823 1301 888 animos

101 909 268 975 riudicum
290 909 551 993 pertractandos,
580 908 669 974 omni
691 913 799 973 mente
823 908 858 973 in
881 931 919 974 ea
942 911 1139 994 cogitatione
1163 933 1301 996 curaque

126 1019 246 1083 versor,
264 1003 302 1063 ut
316 999 441 1076 odorer,
460 1020 568 1082 quam·
577 997 787 1082 sagacissime
805 999 938 1082 possim,
956 999 1032 1082 quid
1052 999 1206 1084 sentiant,
1224 1001 1301 1085 quid

128 1087 327 1171 existiment,
355 1087 432 1173 quid
456 1090 660 1170 exspectent,
688 1087 766 1171 quid
790 1087 905 1172 velint,
934 1109 997 1172 quo
1022 1088 1134 1153 deduci
1154 1090 1301 1154 oratione

127 1175 281 1240 facillime
309 1197 405 1259 posse
435 1175 614 1241 videantur.
661 1173 696 1240 Si
724 1197 758 1240 se
787 1175 865 1240 dant
892 1179 938 1255 et,
965 1180 1003 1241 ut
1031 1182 1108 1242 ante
1136 1178 1215 1261 dixi,
1244 1200 1302 1242 sua
1324 1195 1372 1244 187

88 1293 113 1331 ιι
129 1268 261 1349 sponte,
288 1286 352 1348 quo
381 1265 593 1348 impellimus,
620 1265 778 1330 inclinant
808 1267 905 1349 atque
933 1266 1149 1348 propendent,
1178 1267 1301 1350 accipio
1364 1300 1370 1310 ·

87 1354 214 1436 1aquod
238 1353 333 1417 datur
357 1357 390 1417 et
413 1354 454 1418 ad
477 1353 523 1439 id,
553 1353 637 1418 unde
666 1354 784 1437 aliquis
812 1354 908 1418 flatus
933 1354 1127 1438 ostenditur,
1154 1355 1228 1419 vela
1252 1354 1301 1419 do.

88 1470 113 1509 rs
129 1441 187 1507 Sin
211 1446 260 1506 est
283 1442 411 1527 integer
434 1443 625 1527 quietusque
648 1442 757 1526 iudex,
780 1443 854 1525 plus
879 1446 928 1507 est
947 1444 1064 1528 operis.
1109 1441 1193 1508 Sunt
1216 1444 1303 1508 enim

87 1560 114 1599 14
128 1533 236 1596 omnia
256 1530 389 1597 dicendo
415 1531 600 1614 excitanda,
623 1530 706 1595 nihil
725 1531 897 1596 adiuvante
920 1536 1048 1597 natura.
1090 1529 1153 1597 Sed
1175 1535 1301 1596 tantam

87 1647 113 1687 ιι
127 1621 193 1685 vim
216 1621 316 1685 habet
338 1621 409 1699 ille,
437 1642 521 1704 quae
549 1623 636 1684 recte
660 1620 788 1685 abono
812 1625 910 1705 poeta
934 1621 1021 1686 dicta
1044 1624 1094 1686 est
1117 1620 1303 1685 ‘flexanima

127 1713 224 1792 atque
248 1710 393 1774 omnium
412 1711 526 1795 regina
544 1707 669 1774 rerum'
694 1711 812 1789 oratio,
835 1713 955 1775 utnon
974 1710 1071 1775 modo
1090 1710 1302 1774 inclinantem

88 1808 114 1846 17
129 1799 275 1882 excipere
300 1802 357 1863 aut
380 1802 524 1863 stantem
547 1799 720 1882 inclinare,
744 1799 918 1863 sedetiam
942 1799 1170 1864 adversantem
1194 1820 1232 1863 ac
1254 1819 1303 1862 re-

87 1897 113 1935 18
126 1891 336 1971 pugnantem,
360 1892 396 1952 ut
413 1887 592 1972 imperator
616 1888 712 1952 fortis
732 1910 770 1954 aa
789 1888 902 1970 bonus,
926 1909 1043 1971 capere
1060 1887 1174 1973 possit.
1211 1886 1408 1952 Haec45188

164 2120 187 2169 1.
211 2120 362 2170 currentem
380 2116 511 2183 iaciture,
535 2114 572 2168 ad
593 2114 688 2180 Quint.
780 2120 822 2169 12.
841 2116 901 2170 cela
915 2116 960 2182 do,
978 2114 1023 2169 Or.
1039 2129 1065 2170 ro
1084 2115 1218 2184 Magnum
1233 2133 1303 2185 opus

127 2187 160 2240 fr.
179 2185 192 2238 Ι
212 2191 236 2253 1,
256 2200 283 2240 45
309 2188 393 2254 atque
418 2187 488 2240 haee
512 2202 568 2240 non
592 2201 625 2241 eo
646 2186 688 2239 di·
743 2188 772 2240 et
782 2187 909 2252 arduum,
921 2186 970 2239 sed
978 2185 1205 2255 ingredientibus
1213 2187 1304 2240 consi·

127 2259 237 2323 cuntur,
257 2258 290 2310 ut
307 2258 336 2312 te
357 2257 448 2311 oratio
468 2273 531 2311 mea
550 2257 688 2312 dorm-ien-
743 2258 897 2311 derandum
913 2256 975 2326 fuit,
985 2257 1053 2326 quid
1063 2272 1219 2325 ageremus,
1229 2274 1303 2311 nunc

126 2330 185 2383 tem
204 2328 354 2395 excitasse,
383 2327 432 2383 sed
454 2327 548 2397 potius
572 2329 605 2383 ut
627 2346 688 2383 σαν-
742 2327 858 2399 quidem
885 2329 943 2412 iam
970 2344 1147 2398 quocumque
1180 2327 1303 2383 feremur

125 2404 227 2456 reatem
245 2401 374 2454 incitasse
392 2399 530 2454 videatur
741 2400 838 2456 danda
856 2399 990 2454 nimirum
1007 2400 1067 2455 vela
1085 2405 1158 2454 suat.

162 2476 193 2525 ιι1
212 2471 335 2527 arant-
346 2471 420 2525 nach
436 2471 499 2525 dem
513 2469 689 2540 Spriehwort
779 2477 820 2524 13.
835 2472 948 2542 integer,
954 2472 1027 2525 noch
1038 2470 1302 2540 ganzunbefangem

125 2540 184 2612 (Or.
187 2543 250 2626 ⁸21),
269 2543 375 2611 griech.
393 2537 445 2596 τὸν
464 2542 599 2628 τρέχοντα
617 2561 688 2611 παρ-

128 2614 232 2680 ορμᾶν,
251 2616 430 2681 παρακαλεῖν
449 2608 498 2666 τὸν
518 2610 687 2667 σπεύδοντα.

163 2689 188 2735 2.
211 2684 310 2736 sia—
328 2699 386 2737 νιοπ
409 2681 506 2736 eritd.
526 2684 554 2736 h
573 2683 598 2736 si
616 2682 688 2736 nihil

128 2753 254 2808 afferent.

164 2825 293 2878 3111111
324 2824 427 2879 medico
455 2823 590 2911 diligenti.
623 2821 688 2911 Vgl.

126 2895 199 2949 Plat.
226 2894 345 2950 Phaedr.
348 2913 398 2983 p.
418 2899 471 2949 210
495 2893 526 2946 Β.
560 2890 574 2947 ὁ
604 2890 690 2957 αὐτός

127 2986 183 3021 που
202 2962 305 3035 τρόπος
323 2964 423 3092 τέχνης
438 2963 588 3054 ρητορικῇς
602 2960 688 3035 ὅσπερ

127 3038 176 3092 καὶ
205 3037 339 3126 ἰατρικῆς.
378 3033 409 3092 ἐν
438 3033 616 3125 opperimur
644 3038 695 3092 δεῖ

127 3106 274 3164 διελέσθαι
298 3107 400 3177 φύσιν,
429 3126 556 3197 σωματος
580 3105 633 3178 μὲν
656 3104 689 3163 ἒν

40 3238 42 3243 ,
190 3176 286 3254 ἑτέρᾳ,
314 3184 408 3267 ψυχῆς
433 3175 461 3233 δ’
486 3173 516 3265 {a
540 3179 574 3249 τῇ
597 3175 680 3233 ἓτὲα

127 3182 332 3340 edulitate
300 3271 337 3336 μη
356 3251 436 3340 τριβῇ
461 3247 549 3334 μόνον
574 3249 622 3304 καὶ
639 3199 688 3338 iii·

128 3323 239 3396 πειρίᾳ,
259 3317 329 3375 αλλὰ
348 3322 450 3412 τέχνῃ,
468 3321 507 3394 τῷ
526 3317 579 3391 μὲν
563 3340 688 3390 νφαρ-

129 3412 226 3478 μααα
254 3393 303 3446 καὶ
329 3390 440 3484 τροφὴν
463 3374 690 3478 προσφέρων

128 3460 164 3588 ll
167 3458 631 3620 sattaulutatu}
643 3463 689 3621 {d

130 3605 252 3693 placor
246 3606 294 3674 (sc.
309 3603 499 3694 προσφέρων),
517 3599 663 3659 πειθὼ“
645 3626 689 3674 ην

129 3696 171 3730 αν
193 3675 296 3759 βούλῃ
316 3672 483 3745 κα1’·αρετὴν
497 3673 688 3745 παραδώσειν.

166 3753 190 3802 3.
214 3747 247 3801 ia
261 3747 369 3814 ancipit
369 3748 380 3800 ι’
394 3764 492 3815 causa,
515 3763 558 3801 wo
578 3765 607 3802 es
627 3748 688 3802 also

129 3818 206 3874 einer
220 3833 354 3900 genauen·
362 3788 505 3887 Diagnosh
518 3817 628 3886 bedarf,
642 3837 690 3872 um

128 3908 162 3943 zu
190 3888 290 3956 sehon,
319 3887 373 3942 wie
397 3888 442 3942 die
466 3889 689 3944 Gesehworenen

129 3959 284 4030 cigentlioh
302 3976 337 4011 zu
355 3959 405 4013 der
423 3958 513 4013 Saohe
532 3960 639 4015 stehen.

163 4033 253 4114 proci,
267 4029 318 4085 auf
326 4031 411 4086 deren
424 4029 544 4098 riohtige
558 4030 687 4086 Behand-

128 4102 198 4172 lung
199 4120 270 4168 wre
281 4101 361 4156 ber
336 4116 414 4155 emer
423 4100 568 4156 schweren
577 4101 687 4156 Kranlx-

128 4173 197 4240 1ιο11,
212 4174 277 4228 sehr
291 4172 347 4227 viel
358 4172 506 4227 ankommt
520 4171 688 4241 (gleichsam

129 4242 224 4297 Leben
241 4243 299 4297 und
318 4243 378 4297 Tod
397 4242 544 4312 abhangt).

167 4320 190 4367 1.
208 4316 418 4382 pertractandos
430 4313 596 4368 bearbeiten
613 4315 625 4368 I
640 4329 688 4369 aaa.

167 4389 208 4437 11.
218 4386 358 4440 inclinant
367 4391 447 4455 atque
452 4387 632 4454 propendeat,
641 4400 688 4441 rae.

742 2558 1004 2666 111111111ξὲ
1006 2540 1199 2678 tritta
1201 2541 1303 2682 stru.

744 2682 848 2750 accipe.

779 2754 899 2821 quietas,
917 2768 989 2822 gana
1006 2753 1125 2808 neutral.

781 2828 822 2878 14.
837 2825 960 2890 diceudo,
979 2823 1079 2878 also
1049 2843 1096 2892 τε
1098 2844 1133 2896 σῃ
1136 2825 1245 2893 daher
1254 2825 1304 2880 der

745 2894 910 2949 erklarende
930 2865 1030 2949 Zirsatz
1053 2844 1142 2950 nihil
1150 2895 1303 2952 adiuvante

742 2971 794 3020 aut
795 2983 861 3021 ura:
889 2967 962 3020 ohne
986 2966 1074 3020 durch
1098 2968 1160 3021 eine
1184 2968 1303 3022 vorhan-

743 3037 814 3091 dene
825 3041 883 3091 nat
871 3037 1022 3091 ttirliohe
1032 3035 1185 3092 Gemiitsst'
1164 3041 1304 3109 trmmung

742 3109 793 3163 des
803 3108 932 3163 Richters
947 3109 1120 3163 unterstiitzt
1134 3127 1168 3163 zu
1182 3111 1304 3165 werden.

781 3184 822 3234 13.
841 3198 860 3235 ο
874 3181 943 3234 boae
954 3185 1038 3248 pocta
1051 3210 1081 3219 -
1091 3197 1147 3234 von
1165 3179 1303 3234 Pacuvius

742 3250 772 3304 in
783 3250 875 3304 seiner
887 3249 1050 3318 Hermione,
1059 3266 1103 3304 wo
1118 3251 1167 3304 der
1180 3248 1304 3304 trochai-

743 3321 1189 3462 aunurua..

1029 3481 1122 3518 rarum
1142 3463 1232 3518 oratio

743 3536 818 3589 nach
832 3535 896 3588 Eur.
906 3534 1014 3590 Hecub.
1028 3539 1081 3588 816
1095 3530 1189 3588 πειθώ
1205 3529 1281 3588 (11
1252 3554 1304 3604 την

743 3601 884 3673 τύραννον
903 3601 1069 3674 ἀνθρώποις
1088 3605 1186 3674 μόνην.

774 3681 822 3758 ..11
837 3678 1004 3759 occipere—
972 3675 1104 3731 —sodass
1118 3694 1218 3731 ernun
1232 3693 1304 3758 ganz

742 3746 973 3817 mirergebenist
976 3747 1183 3817 ‚gleichsamin
1192 3747 1304 3800 melnen

745 3818 849 3872 Armen
868 3819 947 3887 liegt.
975 3817 1035 3873 Liv.
1049 3820 1103 3872 141
1118 3815 1302 3899 Tarquinium

744 3889 943 3943 moribundum
967 3906 1030 3944 oum
1056 3889 1105 3957 qui
1130 3889 1205 3943 circa
1223 3888 1304 3942 erant

744 3959 929 4029 excepissent.

778 4036 895 4086 stantem
921 4060 954 4070 -
980 4031 1053 4085 ohne
1076 4029 1140 4083 Bild
1159 4028 1212 4084 wie
1231 4029 1303 4084 oben

742 4099 785 4155 sin
804 4102 914 4170 integer
933 4100 1107 4169 quietusque.

778 4174 930 4239 inclinare,
955 4172 1008 4226 wie
1033 4171 1117 4226 eben:
1144 4170 1168 4225 si
1186 4185 1216 4224 se
1234 4170 1304 4224 dont

743 4242 937 4298 etinclinant.

781 4318 822 4368 18.
855 4330 1003 4384 capere-
1027 4331 1089 4366 zum
1122 4310 1303 4380 Gefangenen

744 4385 872 4440 macheu.
908 4383 977 4453 Vgl.
992 4381 1073 4437 nisi.
1085 4383 1106 4433 1
1118 4389 1142 4446 ὲ,
1154 4389 1211 4444 xx,
1221 4395 1279 4429 m.
