2856 4770
463 219 510 276 DE
530 216 699 272 ORATORE
718 219 805 288 1158,
824 236 871 277 aas.
890 235 937 276 rec.
1222 221 1287 287 325

91 411 104 448 1
208 387 321 472 Atqui,
342 386 449 471 inquit
465 385 594 468 Iufflus,
612 406 679 449 non
701 384 798 448 nimis
820 384 956 449 liberale
978 384 1158 468 hospitium
1181 408 1288 451 meum
1307 391 1345 446 58

90 500 102 537 2
118 476 213 543 dices.
245 475 331 540 Nam
355 479 386 540 te
403 475 438 538 in
457 476 553 558 riam,
574 475 707 539 simulac
725 474 929 559 perpaullum
949 475 1101 558 gustaris,
1120 476 1288 541 extrudam

117 569 150 629 et
174 565 296 630 eiciam.

206 655 255 718 Ac
281 675 322 718 ne
350 651 470 716 diutius
499 673 557 717 vos
585 651 744 734 demorer,
772 650 811 717 de
843 652 933 716 omni
964 653 1028 716 isto
1062 672 1179 736 genere
1210 653 1286 737 quid
1305 667 1357 717 235

116 743 255 807 sentiam
285 741 486 826 perbreviter
518 762 686 824 exponam.
731 739 780 804 De
810 740 877 804 risu
910 742 1050 825 quinque
1083 745 1173 824 sunt,
1206 763 1287 826 quae

117 835 326 915 quaerantur:
349 852 465 911 unum,
487 829 564 914 quid
588 829 645 914 sit3
668 828 820 910 alterum,
844 829 928 893 unde
956 831 1013 916 sit,
1035 831 1181 915 tertium,
1205 831 1287 896 sitne

117 921 256 985 oratoris
275 921 377 984 risum
395 919 478 983 velle
497 940 640 1002 movere,
659 922 820 1002 quartum,
837 922 1009 1002 quatenus,
1029 920 1186 1005 quintum,
1206 942 1288 1004 quae

116 1009 183 1073 sint
205 1030 325 1094 genera
346 1007 482 1072 ridiculi.
526 1006 636 1091 Atque
657 1007 741 1071 illud
763 1008 913 1092 primum,
937 1007 1013 1092 quid
1037 1009 1079 1073 sit
1101 1009 1171 1092 ipse
1194 1011 1289 1092 risus,

116 1120 178 1182 quo
215 1104 311 1182 paeto
349 1095 539 1180 concitetur,
574 1095 631 1160 ubi
667 1096 724 1180 sit,
757 1097 917 1180 quomodo
955 1096 1073 1161 existat
1109 1100 1205 1176 atque
1240 1098 1289 1162 ita

116 1192 247 1271 repente
272 1188 429 1269 erumpat,
452 1190 489 1250 ut
512 1207 585 1249 eum
608 1184 774 1270 cupientes
797 1190 907 1249 tenere
929 1207 1136 1270 nequeamus,
1156 1191 1189 1250 et
1212 1208 1288 1270 quo-

76 1298 100 1335 11
116 1275 212 1340 modo
236 1276 333 1340 simul
357 1277 472 1359 latera,
496 1296 542 1357 os,
565 1295 677 1358 venas,
701 1275 828 1357 oculos,
851 1274 976 1339 vultum
1000 1281 1148 1359 occupet,
1171 1276 1289 1340 viderit
1351 1326 1355 1337 .

76 1386 102 1424 ιο
117 1363 330 1429 Democritus.
366 1361 480 1447 Neque
504 1363 590 1427 enim
614 1363 654 1427 ad
677 1361 761 1428 hune
785 1384 966 1428 sermonem
989 1363 1052 1429 hoe
1074 1364 1224 1448 pertinet,
1247 1369 1288 1447 et,

115 1455 142 1517 si
166 1454 355 1537 pertineret,
378 1453 502 1516 nescire
527 1474 578 1516 me
601 1455 712 1516 tamen
735 1451 769 1515 id
791 1473 857 1517 non
881 1452 1029 1537 puderet,
1053 1453 1136 1537 quod
1160 1475 1202 1518 ne
1225 1453 1288 1538 ipsi

74 1563 101 1602 ιο
114 1541 161 1605 illi
186 1543 315 1627 quidem
339 1542 471 1625 scirent,
499 1541 554 1624 qui
580 1541 819 1624 pollicerentur.
865 1540 968 1606 Lucus
999 1545 1107 1606 autem
1138 1546 1171 1606 et
1197 1543 1288 1627 regio
1308 1557 1359 1608 236

74 1649 99 1690 ιο
115 1633 207 1715 quasi
231 1630 356 1696 ridiculi
379 1628 469 1717 (nam
493 1629 525 1694 id
548 1631 695 1714 proxime
714 1626 893 1717 quaeritur)
912 1630 1112 1714 turpitudine
1132 1635 1164 1695 et
1183 1631 1288 1697 defor-

113 1720 229 1784 mitate
254 1720 393 1805 quadam
417 1720 609 1786 continetur.
655 1718 744 1784 Haec
773 1719 859 1783 enim
886 1719 1032 1784 ridentur
1059 1720 1111 1785 vel
1140 1721 1210 1785 sola
1238 1721 1288 1785 vel

115 1809 268 1888 maxime,
292 1830 373 1892 quae
396 1812 514 1874 notant
537 1812 569 1872 et
592 1808 765 1889 designant
790 1808 1024 1892 turpitudinem
1051 1809 1194 1894 aliquam
1221 1832 1288 1874 non

114 1897 261 1979 turpiter.
306 1897 368 1962 Est
396 1901 519 1982 autem,
541 1902 579 1961 ut
607 1898 647 1962 ad
675 1899 755 1962 illud
783 1899 915 1961 tertium
943 1898 1086 1978 veniam,
1114 1902 1164 1962 est
1190 1899 1288 1982 plane

115 1986 254 2050 oratoris
277 2007 406 2050 movere
428 1987 544 2070 risum,
567 1988 618 2050 vel
641 1986 727 2070 quod
754 1987 828 2070 ipsa
856 1986 1005 2052 hilaritas
1029 1989 1289 2053 benevolentiam

115 2075 267 2139 conciliat
290 2074 328 2157 ei,
347 2097 404 2158 per
424 2096 518 2159 quem
539 2075 678 2140 excitata
697 2079 755 2161 est,
776 2075 827 2139 vel
845 2077 931 2160 quod
951 2076 1151 2141 admirantur
1175 2099 1288 2142 omnes

114 2185 263 2247 acumen,
291 2185 355 2227 unc
389 2185 484 2247 saepe
512 2163 546 2227 in
574 2164 673 2229 verbo
701 2164 858 2248 positum,
885 2166 1025 2229 maxime
1052 2166 1290 2249 respondentis,

113 2275 356 2337 nonnumquam
381 2252 480 2317 etiam
503 2253 707 2334 lacessentis,
730 2253 781 2318 vel
804 2253 889 2337 quod
912 2252 1038 2340 frangit
1060 2254 1289 2337 adversarium,

114 2341 199 2425 quod
218 2341 363 2424 impedit,
381 2342 466 2425 quod
486 2341 601 2423 elevat,
616 2342 700 2427 quod
720 2342 869 2424 deterret,
884 2343 969 2426 quod
987 2343 1116 2426 refutat,
1134 2345 1184 2408 vel
1204 2345 1288 2428 quod

114 2431 222 2513 ipsum
237 2433 401 2494 oratorem
414 2429 553 2514 politum
568 2453 638 2495 esse
652 2431 818 2496 hominem
833 2432 1004 2517 significat,
1019 2433 1105 2516 quod
1119 2433 1288 2516 eruditum,

113 2519 199 2603 quod
227 2520 401 2596 urbanum,
435 2521 667 2603 maxime[que]
700 2520 786 2603 quod
814 2521 985 2584 tristitiam
1018 2542 1056 2585 ac
1084 2522 1289 2586 severitatem

152 2698 175 2745 1.
207 2691 313 2760 Atqui,
346 2689 515 2760 gleichwohl
548 2691 628 2757 aber,
661 2692 674 2744 I
729 2708 785 2748 von
801 2692 888 2759 Fach,
907 2693 953 2746 die
971 2694 1036 2762 περὶ
1055 2695 1166 2762 γελοίου
1185 2694 1287 2750 sehrie·

115 2777 154 2816 137
161 2782 168 2827 3
188 2777 234 2817 167.
729 2762 784 2817 ben
805 2763 863 2817 und
882 2763 956 2818 doch
980 2767 1101 2820 dariiber
1124 2766 1216 2821 nichts
1235 2765 1287 2820 Be·

151 2840 175 2888 2.
194 2833 270 2887 Num
288 2835 351 2899 etc,
370 2831 468 2887 womit
486 2831 542 2887 Cic.
562 2849 595 2886 zu
613 2848 674 2887 ver·
729 2834 918 2904 friedigendcs
933 2835 1287 2906 aulstellenkonnten,a1u.

114 2903 213 2958 atehen
233 2904 320 2972 gicht,
336 2899 394 2956 dall
410 2903 456 2957 die
470 2903 675 2974 nachfolgende
730 2905 786 2960 Dus
819 2906 928 2976 imperf.
957 2907 1027 2962 coni.
1060 2908 1098 2962 ist
1128 2908 1288 2964 beidemale

115 2973 675 3045 Darstellungausollsttndigkeitund
730 2976 818 3031 durch
838 2977 887 3032 das
906 2977 1016 3048 imperf.
1036 2977 1066 3033 in
1085 2979 1134 3033 der
1149 2979 1289 3050 Apodosis

115 3045 506 3186 tttt¹¹⁰rtttt¹¹t..⁵t
532 3045 676 3173 eitlltssl
729 3048 1289 3179 ttd⁰lttttlttttltetttltth

115 3190 195 3242 mehr
213 3189 256 3242 als
278 3188 340 3244 eine
363 3187 449 3243 kurze
468 3187 566 3244 Skizze
590 3207 674 3259 ange·
767 3196 807 3245 15.
844 3193 1018 3262 turpitudine
1054 3199 1079 3248 et
1110 3165 1290 3261 deformitate,

115 3261 201 3312 sehen
219 3259 279 3313 sein
299 3260 389 3314 wollo.
729 3261 846 3317 Aristot.
866 3266 941 3333 poet.
960 3279 983 3318 c.
1004 3269 1020 3318 6
1048 3259 1065 3332 ἡ
1094 3262 1127 3320 δὲ
1155 3267 1289 3335 κωμωδία

153 3334 193 3382 11.
226 3331 338 3395 viderit,
371 3332 453 3384 1246.
490 3329 535 3385 Or.
555 3347 594 3386 152
626 3333 675 3386 sed
730 3329 805 3387 ἐστίν
826 3365 857 3374 -
883 3335 997 3406 μίμησις
1020 3333 1203 3405 φαυλοτέρων
1221 3320 1288 3426 piu,

116 3398 216 3454 Graeci
235 3401 364 3454 viderint.
401 3400 478 3455 Brut.
493 3417 532 3457 aar
551 3401 583 3456 hi
601 3403 675 3457 enim
730 3401 764 3458 ori
780 3401 876 3474 μέντοι
890 3402 963 3460 κατὰ
977 3407 1074 3462 πᾶσαν
1088 3411 1201 3475 κακίαν,
1216 3407 1286 3463 αλλὰ

115 3470 230 3524 fuerunt
240 3477 315 3526 certe
326 3473 462 3551 oratores,
471 3473 569 3540 quanti
580 3475 675 3529 autem
728 3477 779 3530 τοῦ
800 3474 925 3546 αἰσχροῦ,
945 3469 983 3532 οὗ
1004 3474 1130 3533 ἔστιτὸ
1149 3478 1288 3568 γέλοιον

116 3545 145 3595 et
163 3542 270 3609 quales,
288 3545 320 3596 tu
338 3542 450 3598 rideris.
728 3543 859 3617 μόριον.
903 3546 934 3604 τὸ
972 3545 1026 3620 γὰρ
1062 3549 1175 3620 γέλοιον
1213 3548 1287 3607 ἔστιν

154 3618 195 3667 12.
233 3613 404 3669 Democritus
441 3647 475 3656 —
512 3617 584 3670 nach
625 3617 675 3670 der
728 3615 914 3690 ἁμάρτημά
936 3641 967 3675 τι
985 3620 1043 3674 καὶ
1062 3618 1181 3691 αἶσχος
1200 3618 1288 3677 ἀνώ-

116 3684 252 3752 vulg'aren
289 3685 474 3755 Auflassung:
519 3688 568 3742 der
605 3689 674 3743 stete
729 3685 889 3745 devoveri
906 3691 1288 3761 pduurtno'uDieFuud-

116 3756 266 3811 Lachende
289 3755 338 3825 (im
362 3757 519 3826 Gegensatz
541 3775 597 3813 von
621 3759 675 3821 He·
729 3762 815 3815 sture
835 3762 884 3817 des
902 3761 1010 3818 Witues
1028 3764 1066 3817 ist
1089 3763 1151 3818 eina
1170 3764 1288 3834 gewisse

115 3827 210 3880 raklit.
230 3825 293 3880 Seu.
311 3826 401 3896 tranq.
427 3835 556 3893 an.15,2
574 3829 675 3884 Demo·
728 3831 875 3902 turpitudo
893 3835 951 3888 und
970 3834 1135 3889 deformitas
1154 3834 1287 3904 insolam,

116 3899 219 3952 critum
232 3898 327 3967 potius
340 3895 483 3952 imitemur
493 3918 577 3970 quam
587 3901 675 3957 Hera·
730 3902 772 3957 als
786 3902 885 3972 irgend
900 3904 962 3960 eine
977 3904 1145 3960 fehlerhafte
1161 3908 1228 3962 oder
1239 3906 1287 3962 ab·

116 3970 222 4024 clitum.
248 3999 282 4008 -
305 3967 461 4023 Humanius
485 3976 527 4025 est
554 3973 675 4028 deridere
729 3990 825 4029 norme
848 3974 1004 4046 (htssliche)
1028 3977 1116 4046 Seite,
1140 3978 1181 4032 sei
1204 3997 1233 4033 ea
1258 3977 1289 4032 in

115 4040 214 4108 vitam,
233 4057 318 4109 quam
336 4042 500 4112 deplorare);
523 4042 585 4098 hier
608 4045 675 4100 viel·
729 4045 778 4100 der
796 4045 881 4116 Figur
901 4048 969 4103 oder
991 4049 1056 4102 dem
1079 4046 1202 4103 tusseren
1221 4051 1288 4103 Auf-

115 4110 204 4165 leicht
231 4112 339 4166 besser:
368 4112 418 4165 der
445 4111 581 4180 Physiker
608 4111 673 4169 κατ’
728 4118 821 4171 treten
849 4118 1034 4188 (deformitas)
1068 4120 1138 4174 oder
1167 4121 1197 4174 in
1225 4121 1288 4174 dem

118 4177 227 4252 ἐξοχήο,
242 4185 292 4238 der
310 4182 356 4238 die
374 4184 544 4252 physieehen
557 4186 675 4242 Gesetze
730 4186 1288 4246 CharakterundLebenainesMensohen

117 4251 167 4305 des
195 4254 320 4309 Lacheus
348 4256 404 4308 und
433 4253 486 4309 den
515 4258 675 4327 organisch-
730 4260 898 4330 (turpitudo)
913 4261 942 4314 in
953 4261 1051 4324 leiner,
1061 4260 1192 4330 heiterer,
1202 4260 1287 4331 geist·

117 4320 269 4379 leiblichen
284 4325 419 4394 Hergang
438 4328 563 4382 ertrtern
582 4344 656 4398 mag.
729 4330 838 4384 reiohar
863 4331 958 4386 Weise
986 4336 1053 4400 (non
1079 4332 1210 4402 turpiter,
1239 4334 1289 4388 sed

156 4399 197 4450 14.
221 4398 269 4464 qur'
286 4399 494 4468 pollicerentur,
518 4398 564 4453 die
588 4401 675 4456 Leute
730 4401 824 4471 lepide
844 4403 873 4457 at
895 4403 1001 4472 facetat
1023 4401 1208 4470 autqaheeht
1221 4403 1312 4451 auru.
