2856 4770
414 188 462 244 ns
483 190 656 247 5555555
676 190 702 243 11
723 196 764 260 12,
784 205 818 247 a.
848 197 891 260 55,
910 204 944 247 a.
964 205 998 246 a.
1228 185 1294 254 245

120 354 289 441 permulti,
306 353 384 419 talis
403 357 515 420 noster
534 352 615 421 Cato
635 357 669 420 et
686 353 796 419 Pictor
815 357 848 418 et
866 353 957 438 Piso,
975 353 1032 439 qui
1051 374 1156 438 neque
1173 356 1294 434 555555,

93 465 106 503 2
121 445 238 529 quibus
252 444 349 508 rebus
361 447 492 508 ornetur
503 444 617 528 oratio,
632 441 744 528 (modo
754 443 840 507 enim
853 443 918 507 huc
931 443 996 508 ista
1011 447 1087 509 5555
1100 442 1292 530 importata)

120 536 162 618 et,
187 533 262 598 dum
282 532 494 618 intellegatur
512 532 589 617 quid
613 531 730 611 dicant,
754 554 854 597 unam
877 531 1003 597 dicendi
1025 531 1154 596 laudem
1176 535 1295 616 putant

92 643 193 688 resse
212 621 415 687 brevitatem.
438 621 589 686 Paullum
609 642 644 685 se
659 621 761 685 erexit
780 624 812 685 55
826 620 950 686 addidit
964 621 1121 685 maiorem
1135 621 1292 686 historiae
1312 636 1347 685 54

90 729 235 777 osonum
259 710 348 777 vocis
371 712 422 776 vir
445 711 596 794 optimus,
620 708 728 776 Crassi
751 708 934 795 familiaris,
958 709 1139 793 Antipater.
1181 707 1291 775 (letari

118 822 184 867 non
209 802 417 865 exornatores
446 820 567 882 rerum,
596 799 653 863 sed
680 798 907 863 tantummodo
934 801 1121 863 narratores
1150 798 1292 864 fuerunt.

91 910 105 948 r
206 887 280 975 Est,
296 889 403 973 inquit
421 886 594 971 0155555,
612 891 649 952 55
668 887 757 953 (11515.
791 885 853 953 Sed
871 888 934 953 iste
952 888 1022 971 ipse
1042 884 1169 953 Caelius
1188 909 1293 973 neque
1309 893 1347 949 15

92 999 105 1038 5
119 978 269 1043 distinxit
277 977 452 1042 historiam
460 976 618 1042 varietate
626 978 771 1042 colorum
781 977 1065 1062 nequeverborum
1075 977 1292 1043 collocatione

120 1071 152 1132 55
169 1071 276 1132 555555
297 1066 453 1131 555515515
476 1066 544 1129 1551
568 1069 601 1130 55
624 1066 788 1150 aequabili
810 1065 984 1150 perpolivit
1006 1064 1087 1129 illud
1104 1087 1212 1150 opus,
1237 1066 1293 1130 sed

120 1159 157 1220 ut
171 1155 269 1221 homo
292 1176 398 1240 neque
422 1152 535 1219 doctus
553 1176 658 1238 neque
676 1155 817 1219 maxime
837 1152 932 1239 aptus
952 1153 1190 1233 addicendum,
1210 1155 1295 1220 sicut

119 1243 241 1328 potuit,
263 1243 400 1328 dolarit3
422 1243 501 1309 vicit
522 1247 646 1327 tamen,
670 1248 707 1308 ut
729 1244 824 1326 dicis,
847 1243 1039 1328 superiores.

153 1361 156 1365 ’
209 1332 343 1398 Minime
362 1333 490 1418 mirum,
508 1333 614 1416 inquit
632 1332 831 1417 ANTONIUS,
855 1333 883 1398 si
901 1333 967 1397 ista
985 1354 1036 1398 res
1057 1331 1160 1397 adhue
1178 1335 1293 1398 nostra
1312 1348 1346 1398 55

81 1442 107 1482 re
120 1421 233 1507 lingua
263 1421 430 1487 illustrata
460 1443 526 1487 non
563 1425 621 1487 555.
680 1420 785 1487 Nemo
824 1423 909 1486 enirn
945 1421 1053 1487 studet
1089 1421 1293 1504 eloquentiae

117 1514 302 1577 nostrorum
325 1510 508 1596 hominum,
536 1511 601 1575 nisi
629 1516 666 1576 ut
689 1512 725 1574 in
748 1511 854 1576 causis
878 1514 975 1597 atque
998 1510 1033 1574 in
1056 1510 1129 1575 foro
1153 1511 1294 1595 eluceat;

118 1599 204 1684 apud
227 1598 369 1666 Graecos
393 1604 501 1665 autem
524 1600 784 1685 eloquentissimi
805 1599 969 1682 homines,
997 1600 1113 1664 remoti
1142 1621 1162 1663 a
1185 1599 1292 1665 causis

117 1689 300 1754 forensibus
333 1711 406 1754 cum
439 1688 479 1753 ad
517 1693 641 1755 ceteras
673 1710 724 1754 res
757 1689 900 1753 illustres
937 1691 1008 1752 tum
1046 1688 1086 1752 ad
1122 1687 1293 1754 historiam

118 1778 321 1843 scribendam
342 1778 510 1860 [maxime]
532 1800 566 1842 sc
586 1778 837 1863 applicaverunt.
870 1775 1020 1862 Namque
1038 1780 1072 1842 et
1090 1775 1294 1842 Herodotum

118 1867 219 1952 illum,
243 1868 298 1952 qui
321 1869 470 1951 princeps
495 1888 597 1952 genus
621 1867 684 1933 hoc
708 1867 851 1949 omarit,
873 1868 908 1931 in
927 1866 1032 1932 causis
1056 1865 1293 1932 nihilomnino

117 1959 283 2021 versatum
311 1978 382 2021 esse
411 1957 607 2041 accepimus3
637 1957 727 2042 atqui
755 1960 849 2021 tanta
872 1959 922 2021 est
949 1955 1150 2040 eloquentia,
1179 1959 1215 2020 ut
1242 1977 1294 2021 me
1339 2033 1342 2037 ,

118 2044 256 2130 quidem,
275 2047 433 2130 quantum
447 2066 507 2130 ego
524 2044 645 2111 Graece
661 2046 783 2130 scripta
803 2045 993 2130 intellegere
1011 2067 1154 2128 possum,
1173 2064 1292 2130 magno

78 2155 216 2219 mopere
236 2134 388 2218 delectet3
409 2138 441 2198 et
458 2138 534 2218 post
551 2135 644 2199 illum
659 2134 864 2219 Thucydides
884 2155 995 2199 omnes
1015 2133 1141 2198 dicendi
1156 2134 1293 2199 artificio
1313 2150 1346 2200 55

152 2314 177 2362 2.
205 2310 284 2364 modo
303 2311 373 2377 555,
402 2326 422 2364 s.
442 2325 476 2362 zu
495 2324 547 2372 rrr;
576 2308 678 2364 111555
732 2307 907 2363 transferunt
925 2323 1014 2377 eaque
1032 2308 1074 2364 ita
1092 2309 1244 2378 disponunt
1261 2315 1295 2366 at

117 2396 182 2433 nam
193 2379 222 2433 id
232 2379 346 2448 quidem
356 2397 479 2450 nuper.
492 2425 497 2435 .
510 2423 516 2436 .
527 2379 677 2451 coepimus.
730 2382 847 2449 pictores
869 2380 1028 2436 5551555155
1050 2381 1177 2436 coleram¹
1220 2380 1293 2435 Huic

152 2456 178 2506 4.
211 2451 323 2507 addidit
358 2454 426 2518 555,
463 2452 563 2520 5515153
596 2452 678 2506 einen
732 2453 829 2521 generi
841 2449 962 2505 historia
979 2449 1101 2505 finitima
1119 2453 1175 2518 est,
1194 2451 1224 2505 in
1237 2469 1294 2521 qua

115 2521 242 2577 1511155555
250 2521 367 2577 Tonder
380 2522 564 2592 Darstellung
576 2522 676 2593 (vocis)
731 2526 761 2578 55
779 2523 909 2576 55555555
932 2524 1030 2576 ornate
1053 2523 1083 2576 et
1104 2523 1184 2590 regio
1208 2539 1293 2592 saepe

116 2608 166 2657 an;
181 2592 292 2647 Caelius
305 2611 364 2648 war
378 2595 438 2649 also
452 2593 532 2649 nicht
546 2611 576 2648 so
591 2595 676 2648 511515-
730 2597 781 2648 aut
797 2610 895 2663 pugna
913 2592 1093 2663 describitur,
1111 2592 1293 2661 interponun-

116 2663 179 2717 tem
201 2662 242 2717 im
264 2664 425 2732 Ausdruck,
447 2664 544 2735 paullo
566 2665 678 2720 inflavit
730 2667 778 2719 tur
791 2664 877 2719 etiam
895 2662 1038 2719 contiones
1057 2665 1087 2718 et
1104 2662 1292 2732 hortationes;

115 2734 318 2789 vehementius.
730 2736 779 2791 sed
793 2736 823 2790 in
836 2736 881 2790 his
902 2738 994 2790 tracta
1009 2736 1147 2804 quaedam
1162 2737 1191 2790 et
1204 2736 1293 2791 fluens

152 2810 176 2861 5.
200 2821 308 2872 eccam,
332 2807 367 2862 de
391 2810 449 2876 opt.
474 2823 537 2877 gen.
558 2824 596 2862 or.
618 2812 674 2874 1,1
729 2805 879 2878 expetitur,
889 2824 946 2862 non
959 2808 1029 2861 haec
1039 2807 1168 2862 contorta
1178 2809 1208 2861 55
1221 2808 1294 2862 acris

115 2876 145 2930 in
155 2875 255 2932 ceteris
266 2878 431 2947 (carminum
439 2879 600 2949 generibus)
609 2895 675 2932 5555
731 2880 829 2934 555515.
850 2879 876 2933 S.
892 2880 918 2933 d.
933 2877 998 2935 krit.
1013 2876 1087 2933 Anh.
1102 2880 1242 2947 distinxit,
1255 2894 1292 2934 55.

115 2949 158 3002 555
177 2948 275 3017 cuique
290 2952 381 3005 certus
396 2967 480 3004 sonus
495 2953 524 3005 55
537 2950 676 3018 quaedam
766 2955 791 3006 8.
814 2966 899 3021 aeque
915 2981 949 2990 -
960 2951 1124 3020 perpolivit,
1150 2951 1180 3004 e'r
1196 2946 1293 3005 wusste

115 3018 347 3090 intellegentibus
366 3023 499 3090 (Kenner)
523 3026 591 3076 ncta
612 3038 675 3077 vox.
731 3022 837 3076 seinem
866 3019 954 3076 Werk
981 3021 1069 3075 durch
1097 3020 1293 3077 Periodenbau

152 3096 176 3147 ’1.
205 3109 290 3161 acque
309 3095 377 3160 555,,
402 3095 493 3148 551555
518 3091 676 3162 geschicht-
731 3090 1292 3162 undangemesseneStilisierung-wie

115 3159 207 3217 lichen
226 3163 409 3232 Daretallung
427 3164 515 3219 fehlte
534 3165 607 3219 noch
626 3164 676 3218 der
729 3165 769 3219 sie
789 3164 838 3217 der
861 3162 1116 3232 geschichtlichen,
1134 3163 1219 3233 ruhig
1243 3163 1291 3219 da·

116 3231 421 3303 eigsntlicheornatus,
435 3234 543 3290 sowohl
551 3236 675 3290 wasden
728 3231 940 3289 hinfliellenden
966 3233 1149 3304 Darstellung
1177 3232 1291 3289 155115-

114 3303 262 3359 Ausdruclr
271 3305 311 3360 im
321 3305 475 3372 einzelnen,
485 3306 527 3360 als
537 3307 609 3360 auch
618 3323 676 3361 was
728 3306 844 3376 gensata
864 3322 898 3358 zu
916 3304 967 3359 der
985 3304 1192 3373 gerichtlichen
1211 3304 1289 3360 Reda

116 3372 162 3427 die
177 3375 358 3448 Verbindung
372 3378 423 3431 der
436 3377 535 3431 Worte
548 3377 606 3431 und
621 3375 676 3430 den
729 3376 826 3445 eignet
844 3377 892 3446 (51)
916 3407 950 3416 -
973 3376 1047 3430 55515
1068 3374 1148 3431 515155
1171 3374 1218 3429 (115
1244 3392 1292 3446 ge-

115 3443 302 3501 historischen
317 3447 372 3503 Stil
385 3447 424 3502 im
439 3464 546 3518 ganzen
560 3446 689 3503 55551115..
727 3446 827 3518 horige
838 3447 932 3502 cutte
943 3465 976 3501 zu
989 3448 1093 3516 geben3
1109 3464 1138 3501 55
1152 3464 1211 3501 war
1220 3447 1292 3503 viel-

153 3520 178 3570 8.
196 3519 327 3574 varietate
344 3521 464 3575 coleram
478 3520 547 3589 geht
559 3519 610 3572 auf
621 3519 675 3572 den
728 3520 808 3573 mehr
817 3518 896 3573 Alles
906 3537 959 3573 nur
968 3520 1026 3573 5555
1041 3535 1091 3573 555
1101 3517 1166 3572 dem
1176 3517 1288 3575 Groben

116 3585 232 3641 ornatus
258 3588 379 3645 mittelst
407 3591 457 3645 der
484 3589 591 3646 lumina
616 3605 678 3644 ver·
731 3589 1125 3659 herausgearbeiter,cr.121.

116 3657 216 3737 borum
243 3660 302 3713 und
327 3661 530 3718 sententiarum
558 3660 608 3732 (ΙΙΙ
627 3661 676 3729 55);
770 3668 811 3716 13.
834 3663 976 3717 illustrata
993 3677 1051 3716 555
1065 3667 1115 3727 555,
1133 3660 1178 3715 155
1195 3662 1292 3717 5551555

119 3744 198 3783 55555
213 3728 394 3802 Darstellung
411 3734 449 3789 155
461 3735 534 3791 noch
548 3730 677 3787 ziemlich
731 3733 816 3787 Licht
834 3734 952 3802 gerebat,
973 3731 1116 3803 glanrvoll
1134 3732 1193 3785 und
1211 3733 1291 3787 (1555-

115 3799 677 3873 55555511555555155555555515551551.
730 3804 788 3859 lich
806 3802 980 3873 dargestallt,
999 3802 1034 3857 51.
1053 3803 1066 3855 Ι
1085 3818 1119 3858 cr.
1156 3800 1234 3858 Brut.
1253 3819 1292 3859 aas

118 3871 155 3924 ad
173 3872 237 3927 Her.
257 3870 298 3925 IV
318 3878 365 3940 11,
384 3890 410 3929 55
429 3876 622 3931 exornationes
641 3905 675 3916 —
730 3875 813 3930 huius
838 3879 885 3945 (sc.
911 3875 1056 3944 Sisennae)
1086 3873 1176 3931 omnis
1204 3873 1289 3929 facul-

117 3942 142 3996 si
155 3961 234 3999 rarae
245 3944 439 4014 disponentur,
453 3948 614 4002 distinctam
624 3947 675 4002 sic·
728 3949 773 4002 tas
792 3964 826 4002 ex
845 3946 964 4001 historia
981 3946 1069 4015 ipsius
1088 3945 1210 4016 perspici
1226 3948 1291 4015 pot

114 4015 156 4069 uti
170 4017 306 4072 coloribus
319 4048 356 4057 —
373 4017 491 4073 reddent
507 4019 671 4087 orationem,
727 4021 782 4085 est,
802 4033 874 4087 quae
894 4034 958 4072 cum
977 4016 1062 4071 facile
1078 4033 1174 4072 omnes
1192 4018 1290 4072 vincat

114 4087 671 4159 55505555550151555515511551-
726 4090 896 4158 superiores,
937 4091 998 4142 tum
1039 4087 1147 4143 indicat
1185 4089 1290 4157 555555,

114 4159 208 4230 551555,
228 4159 512 4216 555555555551551555
530 4161 592 4231 Stil,
606 4161 671 4216 dem
724 4163 861 4229 quantum
876 4159 952 4215 absit
973 4174 991 4211 a
1008 4175 1128 4227 summo,
1148 4174 1290 4228 quamque

115 4227 164 4282 der
181 4232 402 4301 geschichtliche
420 4232 450 4285 in
467 4231 599 4286 mancher
618 4233 670 4286 Be·
724 4247 812 4299 genus
838 4233 893 4286 hoc
921 4229 1081 4299 scriptionis
1107 4229 1232 4285 nondum
1253 4230 1290 4284 sit

116 4299 235 4373 ziehung
262 4303 406 4359 verwandt
433 4302 484 4369 ist,
511 4305 594 4358 unter
622 4319 670 4358 an·
724 4303 793 4358 satis
812 4301 920 4357 Latinis
937 4301 1041 4356 litteris
1059 4300 1238 4356 illustratum.

117 4369 185 4424 (1555
210 4375 271 4430 also
296 4374 442 4431 schildert:
469 4375 556 4430 verba
583 4375 668 4431 altius
759 4380 802 4429 21.
830 4374 926 4428 Wenn
944 4371 1000 4426 5515
1028 4373 1084 4424 das
1109 4373 1152 4423 'in
1169 4384 1204 4421 55
1230 4370 1311 4416 mm
