2856 4770
153 232 220 298 356
430 231 479 288 DE
499 229 672 286 ORATORE
691 230 718 285 H
738 235 780 300 75,
799 245 845 287 eos.
865 245 912 287 coe.
942 236 983 300 ⁷6,
1003 247 1051 288 eov.

153 417 246 462 caros
270 395 494 479 iudicibusque
517 393 675 459 iucundos
699 393 768 458 sinc
791 393 861 458 ulla
887 395 1147 476 praemunitione
1171 395 1356 461 orationisr

153 484 301 550 acerbius
333 489 367 550 et
396 482 662 550 contumeliosius
685 481 852 564 invehere,
881 503 990 547 nonne
1020 506 1040 548 a
1066 487 1098 548 te
1128 485 1251 549 iudices
1275 485 1329 549 ab·

82 591 135 642 305
156 573 300 639 alienes?
346 572 444 657 Quid,
467 573 508 655 si,
533 593 615 655 quae
638 570 720 636 vitia
744 574 801 635 aut
823 570 1029 636 incommoda
1051 576 1128 637 sunt
1155 574 1190 637 in
1218 573 1357 657 aliquos

152 661 258 727 iudice
282 683 347 726 uno
368 665 425 727 aut
448 660 609 744 pluribus,
636 681 675 725 ea
702 661 739 723 tu
766 659 802 723 in
830 658 1072 726 adversariis
1101 661 1356 746 exprobrando4

153 771 220 816 non
242 751 417 835 intellegas
440 753 472 813 te
499 750 534 812 in
561 747 682 813 iudices
712 747 837 831 invehi,
866 747 1027 814 mediocre
1056 753 1224 835 peccatum
1256 750 1328 815 est?

154 837 253 924 Quid,
277 838 319 923 si,
342 860 416 903 cum
439 860 499 922 pro
523 838 625 902 altero
651 837 747 919 dicas,
770 836 865 901 litem
888 840 993 903 tuam
1016 838 1116 904 facias
1140 843 1197 905 aut
1220 840 1357 905 lsesuse

154 927 288 992 efferare
311 928 491 1008 iracundia,
514 948 646 991 causam
668 926 849 1010 relinquas,
870 925 996 991 nihilne
1019 932 1157 995 noceas?
1198 927 1237 992 In
1261 946 1355 1013 quot

154 1037 230 1102 ego,
252 1037 318 1081 non
343 1039 406 1101 quo
429 1016 572 1081 libenter
594 1015 678 1079 male
702 1015 842 1098 audiam,
864 1015 919 1079 sed
943 1015 1019 1100 quia
1043 1038 1174 1082 causam
1198 1039 1264 1082 non
1288 1017 1355 1081 li-8

153 1106 268 1170 beuter
290 1106 448 1190 relinquo,
470 1105 609 1169 nimium
632 1102 762 1187 patiens
786 1106 820 1167 et
843 1104 953 1169 lentus
976 1105 1158 1189 existimor3
1182 1109 1228 1188 ut,
1252 1124 1354 1170 cume

153 1197 187 1259 te
214 1194 339 1279 ipsum,
366 1192 504 1277 Sulpici,
532 1192 765 1277 obiurgabam,
795 1192 880 1276 quod
907 1193 1164 1260 ministratorem
1192 1198 1328 1280 peteres,
1344 1213 1371 1253 ιο

152 1304 220 1348 non
243 1282 474 1348 adversarium.
518 1281 571 1346 Ex
599 1302 663 1365 quo
691 1282 791 1346 etiam
818 1280 899 1346 illud
926 1282 1100 1367 adsequor,
1122 1286 1172 1367 ut,
1202 1283 1230 1348 si
1253 1283 1326 1367 quis
1342 1303 1368 1342 ιι

154 1371 235 1435 mihi
264 1372 350 1437 male
381 1370 484 1453 dicat,
513 1370 666 1454 petulans
698 1373 755 1434 aut
784 1369 882 1454 plane
909 1371 1044 1435 insanus
1073 1393 1143 1436 esse
1171 1371 1327 1436 videatur.

83 1478 136 1530 306
155 1459 196 1524 In
218 1460 300 1543 ipsis
324 1463 432 1524 autem
456 1459 657 1544 argumentis
681 1458 710 1523 si
733 1458 810 1542 quid
832 1459 980 1542 posueris
1000 1462 1057 1523 aut
1075 1462 1186 1543 aperte
1209 1460 1328 1525 falsum

155 1552 213 1613 aut
236 1549 276 1633 ei,
299 1548 385 1633 quod
405 1549 525 1613 dixeris
544 1547 727 1612 dicturusve
744 1547 804 1627 sis,
826 1548 1027 1612 contrarium
1045 1553 1103 1613 aut
1122 1569 1238 1633 genere
1256 1550 1372 1632 ipson

154 1641 317 1703 remotum
340 1638 382 1702 ab
410 1658 472 1702 usu
499 1636 690 1702 iudiciorum
719 1657 756 1701 ac
785 1634 874 1717 foro,
905 1635 1029 1701 nihilne
1059 1637 1199 1702 noceas?
1246 1637 1329 1715 Quid

154 1726 281 1792 multa?
317 1727 422 1791 omnis
450 1748 528 1791 cura
557 1747 629 1788 mea
653 1725 737 1789 solet
758 1724 793 1788 in
820 1724 882 1789 hoc
905 1726 1029 1790 versari
1057 1747 1184 1810 semper
1208 1723 1330 1812 (dicam

155 1815 243 1879 enim
271 1811 430 1900 saepius),
464 1815 492 1879 si
519 1813 657 1897 possim,
688 1816 726 1877 ut
757 1813 836 1877 boni
864 1812 1002 1878 efficiam
1030 1814 1152 1899 aliquid
1181 1815 1330 1900 dicendo;

155 1904 206 1967 sin
229 1904 263 1967 id
286 1904 410 1986 minus,
432 1905 470 1966 ut
494 1905 579 1966 certe
601 1922 644 1967 ne
666 1901 745 1985 quid
767 1902 853 1965 mali.

49 1999 147 2055 76307
245 1991 360 2075 Itaque
379 2012 465 2056 nunc
482 1990 559 2056 illuc
577 1989 687 2072 redeo,
710 1987 838 2074 Catule,
861 1990 976 2074 inquo
996 1993 1033 2055 tu
1051 2013 1102 2056 me
1121 1992 1235 2075 paullo
1255 1996 1330 2057 ante
1345 2015 1372 2054 rs

155 2079 323 2162 laudabas,
342 2079 382 2144 ad
403 2079 577 2144 ordinem
596 2078 974 2163 collocationemquc
992 2101 1100 2145 rerum
1120 2103 1158 2146 ac
1175 2082 1331 2146 locorum.
1345 2103 1373 2143 eo

155 2166 254 2234 (iuius
278 2168 364 2234 ratio
388 2171 439 2234 est
462 2168 594 2254 duplex:
618 2168 737 2254 altera,
760 2189 857 2252 quam
881 2167 986 2233 adfert
1008 2174 1127 2234 natura
1150 2190 1332 2252 causarum,

192 2349 216 2397 1.
248 2358 343 2409 euros,
375 2341 414 2396 ad
444 2341 509 2397 Her.
537 2341 564 2395 Il
585 2357 613 2397 ra
644 2341 715 2396 item
807 2346 847 2395 10.
866 2341 1087 2409 ministratorem,
1102 2342 1184 2397 einen
1198 2343 1248 2396 der
1261 2342 1331 2396 Sub-

154 2412 299 2469 vitiosum·
312 2415 367 2482 est,
392 2412 468 2481 quod
490 2411 594 2467 dicitur
616 2413 715 2466 contra
770 2410 910 2479 alternen,
938 2411 1045 2466 welche
1069 2413 1134 2466 dem
1159 2411 1332 2467 Sachwalter

154 2483 255 2539 iudicis
273 2482 449 2539 voluntatem
468 2484 647 2550 antonum,
667 2481 716 2565 pui
769 2481 822 2535 mit
846 2479 1020 2535 mancherlei
1042 2481 1245 2536 brauchbarem
1271 2481 1331 2534 Ma·

155 2553 287 2623 audiunt,
307 2555 331 2609 si
350 2556 400 2610 aut
418 2555 526 2624 partes,
551 2553 653 2624 quibus
671 2552 716 2608 illi
769 2551 853 2607 terial
871 2570 920 2606 nur
937 2550 1019 2607 Hand
1038 2552 1155 2622 gingen,
1182 2570 1209 2622 p.
1229 2552 1331 2607 Flacco

155 2628 279 2694 student,
298 2627 348 2681 aut
365 2624 501 2694 homines,
520 2641 591 2694 quos
609 2625 653 2680 illi
671 2640 716 2680 ca-
770 2639 798 2680 oa
814 2622 892 2678 idem
909 2622 955 2679 hic
974 2623 1047 2678 mihi
1060 2623 1141 2692 quasi
1160 2625 1334 2679 ministrator

154 2715 201 2753 ros
219 2698 338 2765 habent,
362 2697 525 2765 laeduntur,
549 2698 600 2752 aut
622 2696 717 2766 aliquo
771 2694 885 2760 aderat,
903 2694 1056 2763 subiciens,
1076 2695 1144 2764 quid
1161 2693 1192 2749 in
1211 2711 1275 2750 suos
1294 2694 1335 2749 oi-

155 2767 293 2824 einsmodi
321 2766 391 2823 vitio
423 2767 545 2822 laeditur
581 2765 719 2824 auditoris
771 2783 821 2821 ves
835 2765 1036 2836 civitatemque
1051 2766 1074 2822 si
1084 2766 1188 2822 vellem
1202 2765 1333 2821 dicerem.

154 2838 294 2895 voluntas.
771 2837 900 2893 Wiefsrn
914 2838 966 2893 da's'
978 2836 1119 2908 Sulpicius
1132 2838 1163 2893 in
1181 2837 1272 2892 seiner
1288 2836 1333 2907 ju-

190 2911 251 2965 ciae
281 2909 342 2964 ulla
369 2909 606 2978 praemunitione,
644 2910 718 2965 ohne
772 2908 942 2978 gendliehen
964 2908 1048 2964 Hitae
1071 2909 1179 2979 gethan
1201 2909 1260 2961 und
1286 2907 1337 2962 auf

155 2980 309 3052 irgendwie
327 2981 513 3036 vorsabauen.
771 2979 879 3034 welche
904 2979 1000 3034 Weiss
1028 2994 1059 3034 er
1088 2995 1119 3033 so
1147 2977 1193 3033 die
1221 2978 1334 3047 Gegner

192 3059 218 3108 3.
237 3054 269 3107 ia
287 3053 381 3121 aliquo
398 3052 500 3118 iudice,
519 3064 566 3107 ssa.
771 3050 970 3118 verwechselt,
987 3047 1052 3103 lest
1070 3049 1131 3104 sich
1148 3048 1230 3104 nicht
1246 3050 1336 3104 nther

165 3145 167 3149 ·
191 3130 217 3180 4.
236 3123 428 3192 exprobrando
446 3121 584 3189 dadureh,
604 3118 661 3175 dall
680 3121 718 3176 du
772 3119 948 3176 bestimmen.

157 3194 197 3250 sis
217 3211 253 3250 an
272 3195 327 3248 den
345 3193 476 3264 ngnern
494 3191 601 3248 tadelst
619 3224 653 3233 -
672 3193 719 3248 sin
810 3206 852 3258 11,
871 3200 955 3266 illud,
977 3199 1045 3253 ‘den
1061 3197 1200 3254 Vorteil'.

155 3265 312 3322 bekannhefl
329 3263 438 3333 Mltlel,
458 3265 549 3319 elneffl
568 3261 719 3319 Allwesen·
810 3286 852 3335 14·
882 3295 977 3348 §mere
1003 3280 1079 3350 lippo,
1107 3277 1199 3335 seinos
1226 3295 1335 3349 gamen

157 3337 212 3391 den
231 3336 308 3392 scine
326 3334 427 3391 Fehler
450 3353 487 3390 an
505 3334 596 3390 ciuem
614 3333 721 3390 dritten
772 3350 864 3406 Nam
881 3351 963 3405 mh,

157 3424 191 3462 21¹
207 3407 314 3490 ῒᾶᾆθῑΰ·
470 3477 475 3490 ,
810 3437 853 3487 19.
881 3429 912 3485 Β.
933 3430 1042 3486 Lehre
1061 3445 1125 3486 von
1144 3429 1204 3485 der
1222 3431 1335 3485 colloca-

194 3485 218 3533 6.
231 3480 304 3532 litem
317 3477 516 3546 incensarios,
530 3474 720 3531 demnachals
774 3503 813 3558 κο
831 3519 922 3557 „mm
941 3500 1031 3571 (peip,
1050 3501 1109 3555 der
1128 3500 1230 3570 stede)
1249 3518 1271 3556 ο,
1293 3505 1336 3567 ⁷6,

158 3547 320 3619 perstnlich
337 3546 527 3603 interressiert
544 3545 706 3602 ersoheinst.
774 3579 904 3641 ,up—31,
923 3587 970 3627 332,

196 3625 221 3674 7.
240 3635 352 3675 causam
364 3620 518 3688 relinquas,
537 3618 592 3673 den
604 3617 720 3673 Rechts-

159 3689 212 3745 iall
230 3690 276 3744 bei
299 3689 376 3745 Seite
399 3689 495 3760 liegen
519 3689 635 3756 marest,
660 3689 719 3744 also
806 3653 905 3723 ΜΗΘ
924 3657 1000 3754 am?
1019 3667 1067 3707 ¹⁷⁹·
1196 3742 1201 3754 ¹

159 3762 221 3816 rein
238 3760 398 3831 persanlioh
418 3761 504 3814 wirnt,
810 3747 854 3796 20.
873 3741 911 3796 cd
933 3742 1057 3796 adenem
1075 3741 1336 3863 conoeotscncmpue.

195 3837 219 3887 8.
247 3849 305 3888 mn
327 3847 393 3902 quo,
420 3830 502 3885 nicht
528 3847 577 3886 au,
606 3829 718 3885 Gleich-
775 3808 1019 3867 Gevissermassen
1037 3811 1109 3882 liegt
1128 3810 1215 3867 sehon
1232 3811 1262 3866 in
1301 3827 1337 3865 en

159 3903 321 3974 guitigem,
336 3903 377 3958 ar
393 3903 429 3958 ob
443 3901 722 3971 iohunempfindlieh
774 3882 894 3938 vorren
922 3883 1012 3964 seras
1044 3881 1090 3937 us
1123 3884 1234 3964 soter,
1252 3899 1337 3964 sne?-

158 3977 232 4028 vtre
260 3990 353 4044 gegen
380 3972 631 4028 herauefordernde
658 3988 720 4042 per·
775 3954 888 4042 (lffllelf’
917 3953 1087 4036 thffldung·
1129 3955 1200 4036 ⁰1d0‚
1225 3954 1264 4006 Μ
1291 3953 1337 4006 (Ῑῐθ

159 4044 285 4100 εδῃιῑοῂθ
304 4045 429 4114 Angriffe
448 4045 533 4114 (male
547 4043 645 4098 audire
664 4045 723 4113 w),
777 4025 1035 4080 natdrlrehemdsr
1052 4024 1161 4107 tache
1176 4023 1338 4093 liegende

160 4117 228 4171 aber
241 4115 289 4170 ich
305 4116 389 4170 suche
401 4115 476 4169 mich
486 4133 519 4168 zu
534 4115 722 4169 beherrsehen
778 4096 923 4164 Ordffllnss,
942 4095 1093 4178 0011908ῧο
1107 4094 1153 4150 ¹110
1168 4110 1233 4177 Y0m
1251 4095 1338 4150 Βθᾶ·

158 4206 186 4243 ιι.
197 4186 339 4242 vermeids
350 4186 722 4256 espersbnlichnuwsrden.
776 4182 836 4221 ¹¹⁰1
854 4166 993 4236 abban&
997 4184 1031 4236 18
1036 4183 1052 4221 θ
1071 4166 1278 4236 GfflPP¹01¹¹¹¹8·

196 4265 220 4313 9.
251 4259 363 4327 patiens
394 4263 419 4313 et
451 4258 552 4325 lentus,
585 4256 723 4326 gelassen,
813 4256 955 4310 collocatio
979 4270 1072 4308 rerum
1096 4268 1152 4307 von
1177 4253 1227 4306 der
1252 4252 1339 4308 collo·

160 4328 383 4399 phlegmatisch,
402 4344 449 4384 ars.
778 4327 853 4382 catio
875 4326 1025 4381 verborum
1049 4322 1100 4392 (Ill
1124 4324 1176 4449 md
1201 4322 1277 4380 vohl
1305 4341 1341 4378 sn

195 4417 257 4456 cum
275 4401 467 4470 obimatum,
486 4414 534 4454 aas.
777 4396 1002 4452 unterscheiden.
1018 4394 1063 4451 Or.
1074 4395 1140 4463 sofr
1178 4413 1199 4450 r.
1210 4397 1282 4465 part.
1292 4394 1341 4452 eff.
