2856 4770
143 201 208 265 312
486 201 535 255 DE
555 200 726 256 ORATORE
746 200 772 255 Il
792 207 834 270 51,
853 217 976 257 ror—209.

144 365 302 429 sentimus
336 386 479 429 amorem
513 363 699 447 conciliari,
733 364 760 427 si
792 365 825 428 id
857 364 1005 443 videare,
1044 364 1130 447 quod
1163 364 1206 428 sit
1238 364 1347 429 utile1

142 454 223 537 ipsis
248 453 332 537 apud
362 475 442 537 quos
471 474 565 538 agas,
598 452 781 531 defendere,
814 454 841 517 ei
871 456 928 516 aut
956 475 1016 536 pro
1040 452 1135 517 bonis
1159 453 1237 517 viris
1262 457 1347 517 aute

144 546 229 606 certe
252 564 312 625 pro
337 543 393 626 eis,
417 542 472 625 qui
496 542 563 605 illis
586 541 665 606 boni
688 544 785 625 atque
808 542 905 606 utiles
929 541 1004 625 sint,
1026 541 1182 605 laborare.
1220 541 1319 607 Nam·

143 652 204 714 qne
232 631 312 694 haec
342 653 393 694 res
424 652 567 694 amorem
597 629 702 714 magis
732 631 897 716 conciliat,
928 630 986 694 illa
1013 630 1143 694 virtutis
1172 629 1318 696 defensio

143 720 327 804 caritatem3
351 720 489 802 plusque
508 719 644 802 proficit,
664 719 692 782 si
710 719 905 803 proponitur
923 741 997 803 spes
1016 719 1170 783 utilitatis
1188 719 1344 784 futurace

71 824 122 874 aot
142 803 240 892 quam
263 808 431 891 praeteriti
460 807 608 872 beneficii
635 809 910 872 commemoratio.
960 807 1160 871 Enitendum
1189 811 1253 887 est,
1281 812 1318 873 ut

142 896 294 960 ostendas
318 897 352 960 in
377 918 414 960 ea
436 918 485 981 re,
514 919 612 980 quam
636 896 802 981 defendas,
831 901 888 960 aut
911 897 1105 979 dignitatem
1129 897 1235 960 inesse
1260 900 1344 961 autr

142 985 328 1067 utilitatem,
352 1006 498 1068 eumque,
522 986 573 1049 cui
592 985 747 1050 concilies
766 985 854 1049 hunc
873 1007 1025 1068 amorem,
1050 984 1212 1069 significes
1231 985 1317 1049 nihil

141 1073 181 1137 ad
211 1074 390 1138 utilitatem
421 1095 513 1138 suam
543 1075 709 1138 rettulisse
740 1095 777 1138 ac
800 1073 883 1137 nihil
913 1074 1045 1138 omnino
1073 1074 1189 1138 fecisse
1217 1095 1316 1139 causa

141 1183 207 1227 sua.
262 1161 432 1227 Invidetur
465 1162 551 1226 enim
583 1162 762 1227 commodis
799 1161 967 1227 hominum
1000 1163 1159 1246 ipsorum3
1197 1162 1314 1228 studiis

69 1266 121 1317 208
141 1254 250 1314 autem
275 1273 386 1315 eorum
410 1252 525 1316 ceteris
550 1251 777 1316 commodandi
799 1251 936 1317 favetur.
983 1250 1229 1335 Videndumque
1252 1251 1315 1317 hoc

139 1338 211 1404 loeo
235 1343 294 1421 est,
317 1361 367 1424 ne,
392 1362 472 1423 quos
497 1341 538 1405 ob
563 1340 735 1405 benefacta
758 1340 849 1424 diligi
872 1339 1028 1424 volemus,
1051 1361 1162 1404 eorum
1185 1340 1315 1404 landem

140 1432 236 1512 atque
253 1429 402 1513 gloriam,
417 1429 469 1494 cui
483 1430 623 1493 maxime
637 1429 774 1494 invideri
790 1429 881 1512 solet,
897 1429 995 1493 nimis
1010 1429 1122 1492 efferre
1137 1428 1314 1494 videamur.

139 1515 247 1601 Atque
271 1517 393 1581 eisdem
415 1518 467 1583 his
491 1541 530 1581 ex
553 1519 633 1582 locis
658 1518 748 1582 etin
772 1518 854 1582 alios
874 1517 984 1582 odium
1007 1522 1130 1582 struere
1153 1517 1314 1582 discemus
1329 1537 1357 1576 14

140 1608 171 1669 et
195 1627 215 1668 a
237 1606 330 1671 nobis
356 1628 393 1670 ac
415 1607 538 1671 nostris
562 1607 746 1691 demover03
777 1606 951 1689 eademque
978 1605 1058 1670 haee
1087 1625 1206 1689 genera
1228 1610 1314 1671 trac·

139 1694 239 1758 tanda
263 1700 339 1759 sunt
367 1696 400 1759 in
424 1696 592 1760 iracundia
614 1697 667 1760 vel
695 1695 864 1760 excitanda
887 1696 938 1759 vel
966 1694 1117 1759 sedanda.
1162 1694 1248 1759 Nam
1278 1695 1315 1779 si,

141 1783 227 1866 quod
245 1784 335 1867 ipsis,
356 1784 411 1867 qni
431 1784 579 1867 audiunt,
602 1784 820 1866 perniciosum
844 1788 901 1848 aut
923 1783 1037 1847 inutile
1061 1784 1117 1867 sit,
1140 1782 1173 1848 id
1193 1784 1314 1848 factum

140 1892 275 1956 augea-s,
304 1872 414 1936 odium
438 1876 578 1956 creatnr3
609 1873 674 1955 sin,
703 1873 790 1958 quod
818 1876 875 1936 aut
904 1873 938 1936 in
962 1873 1064 1937 bonos
1089 1873 1176 1937 viros
1201 1875 1258 1936 aut
1280 1873 1315 1936 in
1330 1891 1356 1930 1⁸

140 1981 195 2023 eos
219 1960 252 2022 in
282 1982 362 2044 quos
386 1961 518 2025 minime
542 1961 678 2045 quisque
707 1962 868 2042 debuerit,
896 1964 953 2024 aut
979 1962 1015 2025 in
1042 1982 1111 2024 rem
1139 1960 1315 2044 publicam,

138 2051 208 2111 tum
229 2050 396 2132 excitatur,
420 2050 448 2113 si
466 2071 532 2114 non
550 2056 619 2114 tam
639 2051 789 2115 acerbum
814 2050 937 2132 odium,
960 2053 1072 2113 tamen
1096 2055 1152 2113 aut
1175 2049 1315 2114 invidiae

68 2152 120 2202 209
140 2140 197 2200 aut
220 2137 286 2201 odii
310 2159 376 2202 non
401 2138 567 2203 dissimilis
592 2139 738 2204 offensio.
783 2139 868 2203 Item
891 2139 991 2202 timor
1013 2137 1172 2202 incutitur
1195 2141 1252 2202 aut
1275 2159 1316 2203 ex
1330 2157 1356 2196 ar

138 2226 284 2309 ipsorum
306 2227 458 2310 periculis
483 2232 540 2292 aut
571 2249 610 2292 ex
633 2228 869 2293 communibus.
914 2225 1057 2291 Interior
1084 2230 1134 2291 est
1160 2227 1214 2291 ille
1242 2248 1315 2310 pro·
1331 2246 1357 2284 22

138 2315 241 2398 prius,
265 2315 322 2379 sed
345 2315 398 2383 hic
422 2337 550 2398 quoque
573 2318 753 2381 communis
778 2316 819 2381 ad
839 2315 977 2380 eandem
997 2315 1246 2380 similitudinem
1265 2319 1317 2380 est
1331 2333 1357 2373 2³

175 2564 198 2613 1.
236 2576 367 2627 amorem,
399 2559 484 2614 Arist.
520 2559 602 2614 Rhet.
633 2560 659 2614 Il
682 2566 699 2614 4
752 2560 850 2615 referri
880 2560 965 2627 solet,
998 2559 1132 2630 coniuges
1159 2561 1253 2613 autem
1288 2563 1318 2615 et

140 2626 209 2683 doru
239 2626 274 2699 δὴ
302 2626 333 2684 τὸ
359 2635 455 2701 φιλεῖν
479 2628 511 2685 τὸ
542 2629 704 2702 βούλεσθαί
753 2632 837 2686 liberi
856 2635 885 2686 et
902 2630 1003 2686 fratres
1027 2634 1056 2685 et
1075 2630 1137 2700 alii,
1161 2648 1231 2700 quoe
1250 2648 1317 2685 usus

138 2720 194 2753 τινι
230 2694 249 2753 d
287 2703 378 2755 οἴεται
410 2697 511 2770 ἀγαθὰ
544 2699 628 2758 ἐκεί
633 2724 699 2758 νου
752 2703 986 2771 familiaritasque
1020 2702 1182 2770 coniunxit,
1219 2717 1316 2770 quam·

140 2768 252 2823 ἕνεκα
284 2767 378 2825 ἀλλὰ
416 2770 460 2841 μὴ
498 2769 617 2828 αὑτοῦ
651 2774 700 2830 καὶ
754 2792 838 2844 quam
863 2775 949 2828 etiam
974 2773 1094 2828 caritate
1115 2773 1191 2842 ipsa,
1220 2774 1317 2826 tamen

139 2837 212 2893 nard
231 2838 355 2911 δύναμιν
372 2840 530 2910 πρακτικὸν
545 2843 619 2899 εἶναι
637 2843 699 2900 rori-
755 2862 851 2900 amore
874 2846 996 2898 maxime
1021 2845 1209 2899 eontinentur.
1246 2843 1315 2898 ibid.

138 2931 203 2967 των.
755 2921 798 2984 lo,
813 2931 838 2971 ae
858 2915 1016 2986 Gegensatn
1034 2932 1090 2972 von
1108 2914 1241 2985 Acbtung
1258 2914 1319 2968 und

65 3002 68 3006 ⁴
174 2992 292 3060 videare,
317 2991 363 3046 die
386 2991 594 3062 Vulgatleaart:
624 2994 648 3047 ei
671 2995 701 3048 id
754 2987 848 3041 Liebe·

138 3061 212 3117 velle
230 3062 344 3118 videare
364 3095 397 3104 —
418 3063 575 3119 defendere.
791 3079 816 3127 7.
835 3074 1011 3144 differitatem,
1029 3075 1117 3142 Ehre,
1137 3089 1185 3130 aar.

173 3143 609 3211 etidcidecrc-defendcre—.
629 3142 701 3200 Dcm
792 3166 833 3217 14,
862 3163 961 3217 enam
987 3162 1031 3216 7253
1058 3179 1091 3217 ex
1117 3163 1184 3218 100ss
1208 3194 1242 3202 -
1265 3179 1317 3218 aus

142 3215 236 3269 ersten
261 3213 285 3269 ⁸5
306 3216 346 3270 l⁸l
368 3216 419 3270 das
437 3217 536 3299 ZWQlle
556 3217 579 3297 ⁵}
597 3219 647 3297 ³⁴¹,st
667 3248 698 3299 ,-
755 3233 907 3288 denaelben
926 3231 999 3286 eben
1018 3232 1205 3301 angefi'ibrten
1223 3234 1318 3288 Fund-

138 3287 188 3339 aut
206 3287 436 3355 untergeordnet.
464 3288 518 3342 Em
532 3287 603 3370 qtlle
622 3305 700 3357 ipsis,
755 3306 860 3358 ,tritten
892 3305 961 3358 oder
994 3304 1126 3372 (wellen,
1158 3321 1212 3374 24⁸,
1248 3305 1316 3360 wie,

137 3357 213 3479 {pud
232 3375 302 3438 quos
325 3375 394 3427 agas
418 3358 456 3412 ifli
480 3360 506 3427 1)
527 3376 551 3412 ⁵1
575 3360 626 3412 aul
648 3375 698 3440 1³50
754 3377 846 3457 ecdem
863 3376 930 3430 baec
947 3392 1059 3445 ycacra,
1084 3375 1239 3432 ‘dieselben
1262 3374 1317 3430 Ge·

158 3441 219 3480 ome
242 3444 323 3495 viris,
352 3430 380 3496 2)
403 3431 453 3483 aut
476 3431 551 3483 certe
574 3445 626 3500 pro
650 3446 699 3498 ers,
754 3446 951 3517 „chquunkte
970 3445 1088 3516 meur,
1107 3461 1154 3502 215.

138 3566 286 3638 Η

139 3637 191 3691 auf
211 3639 261 3692 das
286 3639 416 3707 letztere,
444 3639 495 3694 illa
519 3640 631 3696 virtutis
650 3642 698 3697 de·
791 3624 842 3663 ¹²⁰⁸
860 3607 987 3707 vimi*
1003 3606 1071 3706 ,qais
1089 3605 1197 3706 ,feoeiit'
1264 3695 1271 3708 .

138 3707 228 3763 fensio
248 3711 299 3763 auf
315 3711 365 3765 das
385 3713 495 3766 erstem,
790 3701 833 3751 21.
848 3696 969 3763 offensio,
985 3709 1046 3749 erne
1059 3694 1213 3750 femdlrche
1229 3695 1315 3750 Strm-
1362 3764 1363 3767 Ἴ

174 3794 199 3843 2.
215 3806 269 3858 pro
288 3791 367 3846 bonis
384 3791 453 3845 ciris
472 3821 505 3830 -
525 3808 560 3846 an
578 3793 636 3846 und
654 3793 700 3847 fiir
753 3783 853 3849 ”lunss’
879 3765 925 3847 dl⁰
957 3766 1098 3821 ⁰¹¹¹⁵W⁰d0f
1121 3782 1177 3821 l⁰¹¹
1199 3772 1316 3836 Ρθῖθὸῃ·

138 3859 207 3926 sien,
226 3861 348 3930 absolut,
373 3862 431 3916 rue
449 3860 510 3916 also
529 3862 700 3934 wenigstens
754 3832 1317 3921 1¹0h0mll¹ssf³1¹ee0deree¹nlewv9n

138 3929 289 3999 subjekffiv‚
753 3906 944 3978 persdnlrcher
961 3907 1146 3978 Erbltterung
1159 3909 1240 3963 maht
1257 3910 1317 3964 viel

174 4014 199 4065 5.
230 4013 387 4080 caniciem,
413 4010 459 4066 Or.
482 4016 555 4081 part.
579 4029 606 4069 aa
629 4015 699 4069 ami·
753 3978 936 4080 vemhmden,
952 3981 998 4034 Μ’
1176 4073 1189 4086 „

139 4081 224 4136 citiae
239 4084 335 4136 autem
351 4083 469 4138 caritate
484 4085 513 4137 et
530 4100 624 4140 amore
639 4101 697 4141 cer·
789 4073 831 4122 22·
846 4067 968 4122 Imm?
979 4099 1011 4108 ··
1021 4067 1109 4122 ”dhes
1123 4066 1240 4123 hembil
1252 4084 1314 4123 ΠΝ·

138 4155 251 4208 nuntur.
297 4151 371 4207 Nam
395 4170 459 4208 cum
483 4155 610 4225 deorum,
637 4161 697 4212 tum
788 4163 832 4212 23.
856 4157 893 4212 ad
911 4159 1023 4212 eandem
1039 4156 1262 4225 similitudinem,
1282 4174 1315 4212 so

137 4227 287 4294 parentum
300 4225 465 4295 patriaeque
479 4225 572 4281 cultus
590 4244 697 4282 eorum-
751 4226 889 4299 n'amlich,
915 4225 973 4282 dall
998 4227 1043 4280 die
1067 4226 1234 4296 allgemeine
1260 4227 1315 4282 Ge-

138 4295 375 4366 cacuminum,
403 4296 449 4365 qui
474 4299 523 4351 aut
549 4298 697 4367 sapientia,
751 4299 816 4354 fabr
838 4316 872 4353 zu
893 4297 967 4353 leich
990 4298 1032 4352 alr
1056 4296 1117 4352 eine
1135 4297 1312 4366 personliche

123 4368 180 4416 ant
196 4367 304 4434 opibus
323 4367 474 4438 excellunt,
495 4368 531 4424 ad
551 4370 698 4425 caritatem
752 4317 918 4440 dargestellt
936 4367 1017 4423 wird.
