2856 4770
493 166 541 220 DE
562 165 734 221 ORATORE
754 166 908 234 1152,s1o.
1221 164 1287 228 313

92 329 347 418 1perducendus.
378 329 442 394 Par
457 335 553 416 atquc
573 352 638 394 una
655 329 740 394 ratio
761 331 810 393 est
829 329 907 414 spei,
925 328 1079 410 laetitiae,
1098 329 1281 412 molestiae;
1301 337 1339 393 52

91 421 174 486 asad
197 419 283 485 haud
303 419 401 485 sciam
422 442 464 484 an
483 419 657 485 acerrimus
677 420 774 502 longe
794 418 837 481 sit
855 417 1000 481 omnium
1020 421 1126 481 motus
1145 416 1287 482 invidiae

117 531 176 575 nec
198 509 305 573 minus
328 507 444 573 virium
467 531 547 592 opus
576 508 620 571 sit
646 507 681 570 in
705 529 742 572 ea
765 507 1006 590 comprimenda
1029 528 1126 590 quam
1148 506 1183 571 in
1207 506 1288 571 exci-

89 599 226 664 ctauda.
270 596 420 662 Invident
441 604 550 662 autom
572 596 720 661 homines
740 597 879 660 maxime
898 596 1030 679 paribus
1054 599 1111 660 aut
1128 595 1287 659 inferiori·

91 689 191 772 chus,
214 709 287 752 cum
310 708 343 751 se
366 687 496 751 relictos
520 687 673 770 sentiunt,
696 685 771 749 illos
791 690 898 748 autom
918 684 1028 748 dolent
1047 686 1207 767 evolasse3
1231 684 1288 749 sed

119 776 219 840 etiam
246 776 464 860 superioribus
495 775 657 840 invidetur
685 794 781 859 saepe
812 773 1018 838 vehementer
1048 779 1081 838 et
1110 794 1148 837 eo
1172 774 1287 859 magis,

92 865 148 928 asi
174 864 397 929 intolerantius
426 886 460 928 sc
488 865 613 929 iactant
640 866 673 927 et
701 863 968 946 aequabilitatem
996 863 1176 928 communis
1205 862 1286 927 iuris

93 954 319 1037 spraestantia
347 953 517 1039 dignitatis
545 958 602 1018 aut
629 952 778 1017 fortunae
807 973 884 1016 suae
912 955 1094 1016 transcunt.
1145 950 1234 1026 Quae
1259 951 1287 1016 si

118 1042 412 1124 inf[l]am[m]anda
435 1045 520 1122 sunt,
547 1041 686 1107 maxime
706 1040 875 1105 dicendum
904 1045 954 1104 est
980 1062 1046 1105 non
1070 1062 1140 1105 essa
1167 1040 1287 1104 virtute

117 1135 220 1216 parta,
235 1130 350 1195 deinde
365 1132 464 1195 etiam
477 1130 564 1195 vitiis
579 1135 676 1215 atque
691 1128 841 1215 peccatis,
854 1132 934 1213 tum,
948 1129 976 1194 si
991 1135 1086 1194 erunt
1099 1128 1288 1194 honestiora

118 1224 216 1304 atque
240 1220 400 1304 graviora,
423 1224 532 1285 tamen
549 1242 615 1285 non
639 1240 709 1282 esse
728 1218 811 1282 tanti
830 1218 897 1282 ulla
915 1218 1040 1301 marita,
1063 1222 1219 1303 quantam
1238 1217 1286 1282 in·

120 1308 294 1373 solentiam
307 1308 447 1373 hominis
463 1312 682 1394 quantumque
696 1307 873 1371 fastidium.
902 1305 953 1371 Ad
973 1307 1150 1371 sedandum
1164 1309 1286 1371 autem:
1306 1325 1359 1373 210

120 1417 239 1482 magno
262 1397 322 1461 illa
344 1398 470 1481 labore,
492 1397 622 1483 magnis
646 1395 799 1479 periculis
824 1417 894 1459 esse
917 1400 1026 1479 parta,
1047 1417 1106 1460 nec
1130 1395 1170 1460 ad
1193 1417 1286 1458 suum

77 1503 104 1543 14
118 1486 338 1570 commodum,
372 1486 428 1551 sed
461 1485 501 1550 ad
529 1488 666 1551 aliorum
695 1505 764 1549 esse
792 1484 924 1567 collata,
952 1505 1097 1568 actaque,
1130 1484 1157 1548 si
1189 1505 1287 1569 quam

119 1575 258 1659 gloriam
277 1576 441 1659 peperisse
461 1575 618 1659 videatur,
636 1574 811 1639 tamenetsi
832 1595 954 1638 canon
973 1574 1016 1638 sit
1033 1573 1145 1658 iniqua
1163 1594 1287 1638 merces

116 1664 263 1747 periculi,
290 1667 402 1728 tamen
430 1686 468 1728 aa
495 1686 559 1729 non
589 1662 742 1729 delectari
769 1666 936 1746 totamque
965 1663 1090 1727 abicere
1114 1666 1210 1747 atque
1235 1661 1286 1726 de·

117 1774 249 1836 ponere3
277 1754 472 1838 omninoque
500 1753 731 1838 perficiendum
759 1754 820 1830 cst,
853 1751 1007 1835 quoniam
1034 1751 1181 1835 plerique
1210 1754 1287 1815 sunt

73 1859 102 1898 rs
116 1841 219 1905 invidi
241 1841 444 1926 maximeque
468 1842 530 1907 hoc
554 1846 605 1906 est
628 1862 797 1908 commune
821 1839 936 1904 vitium
960 1844 993 1905 et
1015 1846 1217 1926 perpetuum,
1239 1841 1287 1904 in·

151 2004 183 2051 1..
201 1998 274 2051 ratio
297 2023 331 2042 =
353 1997 529 2063 Verhtltnis‚
558 2000 669 2068 Wesen‚
759 1997 905 2052 Nachdem
924 1999 982 2051 erat
999 2013 1055 2051 von
1078 1997 1129 2051 der
1152 1994 1285 2050 excitatio
1312 2039 1314 2042 Α

112 2069 204 2122 Natus
222 2086 243 2123 s.
262 2085 288 2123 a.
305 2084 342 2124 ca.
725 2071 838 2138 (motus)
846 2067 971 2123 invidiae
978 2066 1287 2138 gehandeltist,indem

147 2145 172 2194 2.
190 2141 267 2194 taad
283 2141 363 2206 mam,
382 2139 438 2209 vgl
458 2155 492 2194 ra.
724 2140 837 2209 gezeigt
849 2139 929 2208 wira,
947 2156 1027 2193 wann
1045 2139 1103 2192 und
1119 2155 1210 2208 gagen
1224 2155 1287 2192 wen

146 2215 172 2268 4.
196 2211 316 2280 paritas
344 2212 410 2278 eta,
437 2227 519 2266 wenn
549 2209 590 2264 aie
614 2228 670 2267 von
723 2210 917 2266 vornehmlich
950 2210 995 2264 dle
1022 2210 1209 2263 Mensohen
1236 2210 1286 2262 der

111 2280 219 2336 Leuten
236 2280 368 2350 gleichen
382 2282 449 2335 oder
468 2299 518 2350 gar
531 2281 669 2352 niedrigs-
723 2279 833 2336 invidia
871 2280 930 2336 sich
966 2280 1109 2350 hingeben
1140 2279 1283 2350 (Invident

110 2369 160 2406 ren
175 2353 292 2407 Standea
308 2351 368 2406 sich
386 2351 557 2422 ilberfldgelt
575 2353 669 2409 sehon.
724 2357 817 2408 autem
833 2354 906 2419 etc),
926 2352 1000 2406 daun
1015 2352 1133 2406 wieder
1150 2350 1285 2406 Redner

110 2422 173 2492 Vgl.
193 2423 279 2479 Arist.
299 2424 381 2478 Rhat.
401 2423 480 2480 1110.
582 2481 597 2496 ..
723 2423 768 2479 die
795 2424 927 2479 excitatio
952 2422 1076 2478 invidiae
1103 2423 1285 2477 hervorrulen

146 2500 170 2549 t.
190 2496 318 2561 evolasse,
340 2497 432 2549 ‘wenn
451 2497 492 2550 sia
511 2495 565 2550 mit
577 2494 669 2565 Argen
722 2495 829 2563 honae,
848 2494 933 2550 ntml.
954 2493 1041 2548 durch
1059 2493 1283 2563 Verkleinerang

109 2567 317 2633 wahmehmen,
336 2564 393 2620 dall
410 2567 476 2636 jeno
495 2566 602 2621 schnell
619 2585 669 2636 gs·
723 2564 1284 2636 derVorzuge,fshrtcic.ohncgenaucre

112 2633 222 2702 stiegea
242 2635 324 2690 sind)
722 2637 918 2706 Prtcisierung
936 2637 992 2691 fort
1006 2638 1043 2690 ad
1056 2637 1208 2690 sedandam
1224 2636 1283 2690 ‘zur

147 2711 172 2761 7.
182 2707 410 2774 aequabilitatem,
419 2707 432 2760 l
442 2722 490 2774 ras,
498 2706 548 2761 das
558 2708 603 2761 ffir
613 2706 668 2762 alle
721 2707 950 2777 Beschrttnkung,
961 2707 1153 2777 Beruhignng'
1163 2738 1197 2746 -
1205 2712 1284 2761 utm-

110 2777 141 2829 in
161 2777 285 2844 gleicher
303 2777 397 2830 Weise
420 2777 551 2846 geltende
570 2779 668 2834 Recht.
721 2778 780 2832 lich
799 2779 848 2834 des
868 2781 955 2833 durch
972 2778 1072 2847 irgend
1091 2780 1197 2833 welche
1217 2778 1282 2833 Um-

146 2852 171 2901 8.
186 2849 362 2916 praestantia
375 2849 529 2917 discedatis,
541 2849 668 2916 Vorafige
722 2851 830 2917 attacta,
839 2851 1048 2919 hoheStcllung
1055 2848 1284 2905 undVerdionste

111 2916 160 2972 der
178 2917 315 2988 Stellcmg,
334 2918 390 2988 vgl.
407 2920 487 2974 Tusc.
504 2918 529 2973 V
544 2935 570 2976 aa
588 2937 667 2990 prae·
722 2921 768 2975 bei
787 2921 842 2976 den
856 2922 963 2975 Hdrern
982 2923 1086 2975 bereits
1106 2923 1235 2989 erregten
1250 2953 1282 2960 —

110 2989 214 3043 stantia
232 2990 336 3044 debent
355 3006 389 3045 ea
407 2989 471 3046 dici.
723 2992 930 3063 ‘Neidgeflihls’
943 2989 1011 3046 mall
1025 3009 1093 3046 man
1106 3010 1198 3047 u.s.w.
1217 2993 1282 3045 Also

145 3061 221 3130 Quae
238 3063 264 3116 se'
285 3062 487 3130 inflammanda
504 3069 583 3131 suat,
607 3063 667 3119 will
718 3063 748 3131 je
772 3066 844 3118 nach
867 3065 922 3118 den
945 3064 1119 3118 Umstauden
1142 3060 1209 3116 muli
1234 3063 1284 3117 der

109 3149 174 3185 man
194 3132 268 3186 diese
283 3131 340 3187 viel
357 3131 526 3188 beneideton
540 3134 667 3205 Vorzlige
722 3134 833 3188 Redncr
847 3135 914 3189 bald
928 3151 1040 3188 movere
1056 3134 1201 3199 invidiam,
1216 3134 1283 3187 bald

108 3202 194 3256 durch
213 3203 258 3256 die
281 3202 357 3258 faces
380 3205 491 3260 dicendi
510 3207 570 3276 (205)
591 3207 667 3261 einer
723 3204 1283 3260 sedare—HinsichtlichdesAusdrucks

108 3271 183 3326 noch
214 3273 405 3342 gasteigcrten
435 3276 543 3331 invidia
598 3277 666 3332 reis·
722 3275 880 3345 entspricht
898 3277 933 3331 ad
952 3276 1107 3330 sedandum
1126 3277 1190 3329 dem
1209 3275 1283 3331 oben

108 3344 210 3411 geben,
228 3359 259 3398 so
278 3342 335 3399 dall
354 3346 404 3399 der
418 3345 516 3402 Funke
534 3348 563 3402 in
577 3295 667 3402 heller
721 3347 912 3401 behandelten
930 3347 1024 3401 motus
1037 3345 1172 3413 invidiae,
1187 3345 1229 3400 als
1245 3347 1281 3401 ob

106 3414 666 3488 stammeaudouerasooraanonprae-
721 3419 792 3472 oben
816 3421 917 3488 gesagt
939 3422 1027 3473 atre:
1051 3418 1087 3473 ad
1113 3419 1282 3473 movendum

106 3485 214 3553 paratis
248 3487 360 3542 auribus
393 3487 566 3543 inflammare
598 3507 666 3546 rem.
722 3488 926 3544 soilinvidiae.
942 3487 1282 3546 DerGebrauehdesacc.

106 3555 190 3610 Dicae
214 3556 291 3613 Erkl.
319 3557 358 3615 ist
381 3559 486 3630 jedoch
513 3560 593 3613 nicht
620 3579 666 3614 za·
721 3576 779 3630 ger.
798 3563 852 3614 mit
870 3561 1086 3631 Prtpositionen
1110 3560 1212 3630 gehtrt
1233 3562 1283 3615 der

105 3627 232 3696 treffend,
243 3629 317 3682 denn
329 3631 354 3684 d.
369 3629 476 3700 Begriff
488 3631 537 3684 der
550 3630 667 3699 invidia,
721 3631 876 3702 Umgangs-
886 3633 945 3687 und
954 3632 1221 3702 Gesohtltssprache
1232 3648 1280 3693 auc

105 3698 666 3769 diejadocheigentlichzuentflammen
720 3701 777 3771 vgl.
801 3721 822 3760 z.
839 3704 870 3760 Β.
889 3703 968 3758 Verr.
986 3705 1012 3757 Il
1032 3720 1070 3758 ts:
1095 3704 1165 3756 Eum
1190 3720 1281 3772 aquo

103 3768 147 3839 iat,
168 3769 240 3840 liegt
258 3771 337 3824 nicht
355 3770 385 3825 in
404 3773 458 3826 den
473 3773 590 3829 Warten
608 3773 666 3828 und
720 3775 869 3843 pecuniam
889 3776 924 3830 ob
944 3774 1146 3829 absolvendum
1168 3790 1280 3843 accepe·

104 3842 174 3896 wird
189 3845 247 3897 erst
261 3842 486 3912 eingeschwtrzt.
510 3845 562 3899 Die
578 3845 665 3900 Stella
720 3845 771 3911 ris,
789 3846 848 3899 und
867 3846 927 3900 dies
946 3847 982 3901 ob
1002 3845 1201 3900 absolvendum
1221 3846 1281 3899 ent·

103 3911 142 3966 im
159 3914 204 3969 Or.
219 3915 257 3968 ist
271 3932 304 3967 aa
318 3913 401 3968 erkl:
415 3931 474 3970 rem
487 3917 609 3972 tractare
624 3917 666 3971 ita
721 3916 1161 3986 sprichtdemvorhergehenden
1175 3916 1281 3971 obrem

103 3986 136 4037 ut
149 3985 263 4040 flamma
278 3984 342 4054 fiat,
362 3985 387 4039 d.
403 3985 430 4040 h.
445 3987 507 4041 eine
522 3987 611 4042 Sache
626 3987 665 4041 im
721 3988 914 4054 iudicandam
936 3988 1049 4042 Schultz
1068 3995 1083 4054 ξ
1102 3993 1163 4044 423.

103 4073 191 4124 genus
218 4056 325 4126 grande
353 4073 417 4111 cum
442 4057 665 4114 inflammatione
757 4064 799 4112 14.
823 4076 934 4128 eaeaqae
953 4075 988 4114 sc.
1008 4061 1162 4128 hominem,
1186 4077 1206 4114 s.
1226 4061 1280 4114 den

104 4126 666 4186 tractarefliermfillteebene'aoide'acam
720 4129 787 4185 krit.
808 4132 879 4184 Anh.

103 4195 323 4254 inflammatione
351 4219 384 4253 zu
414 4200 571 4255 traktieren
596 4202 664 4256 sein.
758 4207 799 4256 18.
819 4202 958 4256 invidetur
974 4203 1026 4258 etc.
1053 4201 1133 4270 Frag.
1145 4205 1214 4269 trag.
1226 4205 1278 4255 462

105 4264 161 4322 Cic.
173 4269 282 4324 schrieb
293 4290 328 4325 m.
340 4270 385 4327 Er.
396 4272 571 4338 infamanda,
584 4290 666 4327 wenn
720 4268 791 4339 πρὸς
818 4268 872 4340 γὰρ
900 4268 931 4326 τὸ
961 4270 1089 4343 λαμπρὸν
1122 4268 1136 4325 ὁ
1167 4267 1280 4340 φθόνος

104 4334 181 4391 disse
193 4340 319 4412 Vorzdge
335 4361 368 4396 zu
379 4343 581 4413 verdttchtigen
595 4344 664 4400 sind.
720 4340 875 4416 βιβάζεται.
910 4341 994 4414 Soph.
1013 4345 1058 4400 Αἱ,
1068 4347 1117 4396 15⁸(
1138 4341 1213 4408 scats
1227 4339 1291 4406 atas

158 4434 204 4477 (tio.
219 4449 250 4478 nn
265 4450 336 4481 oasa.
1045 4441 1088 4490 Ἃ
