2856 4770
139 220 204 284 378
357 281 358 285 Ν
522 218 571 273 aa
592 218 766 274 onerosa
785 218 812 272 11
831 225 872 287 eo,
893 235 940 275 ιιι.

144 473 151 489 .
230 382 476 486 Verbaigitur,
499 381 605 465 inquit
624 379 788 468 CRASSUS,
806 382 887 447 mihi
906 381 1038 467 reliquit
1056 382 1227 464 Antonius,
1245 405 1317 449 rem

69 578 122 628 36⁷
141 495 212 558 lpse
231 475 487 643 CiridpstusAR,
506 558 550 641 Si,
569 559 655 644 quod
679 558 844 624 difficilius
869 562 932 642 est,
955 558 988 622 id
1011 559 1074 624 tibi
1098 559 1241 643 reliquit,
1265 563 1346 624 esta

140 650 246 733 nobis,
263 650 379 735 inquit,
398 670 504 732 causa,
524 670 580 713 cur
599 652 632 712 te
651 647 762 712 audire
785 653 965 732 cupiamus3
986 649 1052 732 ein,
1071 648 1156 732 quod
1174 647 1315 732 facilius,

140 738 202 803 tibi
225 759 323 802 causa
345 759 411 801 non
435 740 498 815 est,
521 758 579 801 cur
601 758 739 801 recuses.

228 825 274 891 Et
287 823 458 905 CATULUS,
478 824 573 911 Quid,
591 826 677 908 quod
691 825 812 907 dixisti,
830 826 944 911 inquit,
963 822 1088 902 Crasse,
1108 825 1136 889 si
1149 825 1203 889 hio
1216 825 1315 889 hodie
1329 845 1345 884 e

139 915 226 999 apud
248 917 283 979 te
306 936 523 997 maneremus,
550 917 584 978 te
612 936 735 978 morem
761 914 856 979 nobis
880 936 951 978 esse
980 917 1160 998 gesturum,
1187 914 1315 979 nihilne

139 1003 180 1070 ad
202 1003 299 1068 fidem
322 1007 413 1068 tuam
436 1009 533 1086 putas
556 1002 741 1087 pertinere?
1329 1023 1344 1063 a

229 1090 312 1157 Tum
328 1088 450 1156 Corra
468 1091 587 1175 ridens,
605 1091 739 1156 Possem
758 1091 828 1177 libi,
846 1091 961 1177 inquit,
980 1088 1106 1175 Crasse,
1126 1091 1314 1175 concedere,

140 1180 197 1247 sed
218 1181 292 1246 vide
315 1202 356 1244 ne
379 1181 455 1264 quid
475 1178 610 1245 Catulus
631 1180 777 1245 attulerit
796 1180 972 1264 religionis.
1010 1179 1101 1265 Opus
1120 1180 1182 1244 hoc
1201 1201 1358 1244 censo·1o

139 1269 225 1335 rium
249 1272 311 1352 est3
339 1268 373 1332 id
400 1272 511 1333 autem
539 1270 742 1334 committere
769 1269 859 1334 vides
888 1291 984 1353 quam
1013 1269 1138 1333 homini
1164 1268 1312 1334 censorio
1329 1292 1355 1330 ιι

139 1358 318 1428 conveniat.

228 1447 327 1531 Agita
345 1466 431 1528 vero,
451 1445 546 1528 [ille]
566 1446 680 1531 inquit,
699 1449 736 1510 ut
754 1447 864 1511 vultis.
892 1443 955 1509 Sed
974 1467 1060 1510 nuno
1079 1445 1216 1530 quidem,
1236 1468 1314 1529 quo-

137 1535 226 1599 niam
256 1538 307 1600 eet
335 1534 368 1598 id
397 1535 567 1619 temporis,
599 1536 794 1619 surgendum
828 1556 943 1599 censeo
972 1538 1005 1598 et
1032 1534 1313 1618 requiescendum,

136 1626 213 1708 post
235 1622 410 1705 meridiem,
434 1623 462 1686 si
484 1624 531 1688 ita
554 1624 648 1689 vobis
672 1627 722 1688 est
745 1623 963 1706 commodum,
988 1624 1157 1707 loquemur
1181 1624 1315 1708 aliquid,

138 1712 203 1778 nisi
225 1711 309 1777 forte
332 1712 367 1776 in
391 1712 570 1776 crastinum
594 1713 722 1777 differre
746 1713 909 1778 mavultis.

226 1800 347 1866 Omnes
376 1822 410 1864 se
437 1800 491 1865 vel
519 1801 633 1864 statim
661 1801 712 1864 vel
740 1802 768 1864 si
795 1801 865 1884 ipse
893 1803 971 1884 post
998 1801 1165 1865 meridiem
1189 1801 1312 1880 mallet,

139 1910 237 1972 quam
260 1890 402 1972 primum
424 1892 535 1953 tamen
560 1889 671 1954 audire
694 1890 778 1954 velle
802 1890 960 1954 dixerunt.

172 2087 197 2136 3.
207 2079 295 2134 Cdear
304 2080 417 2148 schltgt
427 2079 697 2135 seinemCharalrter
750 2080 863 2135 descere
883 2098 1002 2149 eumque
1025 2081 1209 2151 indiligenter
1233 2098 1314 2136 cura-

135 2148 239 2222 gem'all
258 2152 312 2205 den
331 2150 697 2221 dialektiseh-awingenden
749 2152 813 2219 bat,
836 2170 927 2220 neque
952 2156 1082 2206 araverat
1100 2168 1190 2219 neque
1208 2170 1312 2221 purga-

135 2224 211 2293 Weg
235 2222 285 2276 des
311 2221 451 2277 Dilemma
477 2224 536 2292 ein,
562 2223 696 2277 w'ahrend
750 2224 831 2277 verat
856 2254 890 2263 -
916 2239 973 2278 nou
996 2222 1026 2276 id
1050 2225 1109 2277 sine
1132 2239 1224 2292 poena
1249 2224 1314 2291 fuit,

136 2293 284 2350 Catulus
299 2293 345 2346 die
359 2292 529 2348 moralisohe
544 2294 619 2347 Seite
633 2294 695 2347 her·
750 2294 800 2347 sed
825 2296 888 2347 erat
909 2310 978 2363 opos
1003 2295 1153 2349 censoriam
1172 2311 1313 2350 censores-

135 2364 269 2430 vorhebt,
288 2363 347 2430 die,
366 2363 420 2419 wie
439 2363 540 2418 Cotta
557 2364 695 2432 hemerkt,
750 2380 804 2430 que
824 2363 962 2418 aerarium
981 2362 1131 2417 faciebant.

135 2454 170 2491 au
189 2435 329 2490 verletzen
344 2435 435 2488 einem
454 2435 538 2489 homo
554 2435 695 2488 censorius
786 2435 839 2487 Um
850 2450 879 2486 so
891 2433 1095 2487 erfrischender
1104 2435 1186 2486 wirkt
1193 2435 1252 2488 dies
1263 2435 1313 2488 be-

137 2524 183 2562 am
201 2507 359 2575 wenigsten
377 2506 499 2560 ansteht.
749 2503 882 2573 hagliche
893 2503 1055 2558 Hinweisen
1075 2500 1126 2557 aul
1137 2504 1314 2559 deeCrassus

171 2584 196 2633 6.
215 2577 328 2643 dixisti,
348 2592 382 2632 ar.
750 2574 922 2644 Censoramt,
942 2576 984 2629 als
1000 2575 1032 2644 ja
1050 2575 1154 2640 genade
1168 2593 1198 2629 er
1214 2592 1242 2628 es
1262 2591 1311 2643 ge-

171 2655 197 2704 8.
221 2650 259 2702 ad
276 2649 356 2716 {idem
374 2654 464 2717 tuam,
488 2645 547 2705 dall
569 2649 608 2702 du
630 2645 696 2704 dein
749 2662 843 2700 wesen
853 2664 919 2715 war,
934 2648 984 2701 der
994 2647 1037 2700 ein
1048 2646 1118 2700 Jahr
1128 2663 1212 2700 auvor
1222 2645 1312 2700 durch

134 2719 218 2774 Wort
234 2718 331 2773 halat.
750 2718 809 2772 sein
834 2718 995 2772 berfihmtes
1013 2717 1101 2773 Edikt
1124 2718 1169 2772 die
1190 2717 1312 2772 Schulen

172 2794 213 2844 10.
245 2790 400 2860 religionis,
433 2789 496 2844 eine
524 2789 695 2845 Gewissens-
751 2790 801 2843 der
814 2788 1001 2845 lateinischen
1015 2789 1158 2843 Rhetoren
1173 2789 1214 2843 als
1228 2789 1314 2843 ludos

134 2860 246 2932 pflicht,
273 2859 323 2914 der
348 2877 416 2914 man
441 2861 501 2915 also
528 2860 607 2915 nieht
632 2878 694 2914 aus·
749 2861 943 2930 impudentiae
975 2859 1195 2931 gebrandmarkt
1223 2860 1311 2915 hatte.

135 2931 260 2987 weicheri
279 2931 348 3000 darf,
368 2949 449 2986 wenn
462 2947 528 2985 man
543 2930 603 2984 sich
612 2932 697 2993 ,nicht
751 2932 814 2985 Und
823 2950 880 2985 nun
891 2932 945 2985 soll
955 2950 985 2986 er
999 2933 1086 2986 selbst
1096 2932 1173 2985 seine
1184 2930 1312 2985 ‘Censor-

135 3003 181 3058 die
199 3004 267 3057 nota
285 3002 413 3057 censoria
431 3003 565 3057 zuaiehen
584 3000 650 3056 will.
750 3000 861 3070 pflicht'
883 3003 1015 3069 erfiillen,
1039 3003 1095 3055 und
1119 3001 1165 3055 die
1189 3000 1310 3056 Theorie

173 3074 249 3145 Opas
266 3075 315 3128 tce
333 3075 499 3138 censoriam,
524 3073 575 3126 das
593 3073 632 3125 ist
650 3071 696 3126 eiu
751 3070 801 3124 der
823 3071 1038 3126 Beredsamlreit
1059 3071 1090 3125 in
1112 3072 1203 3125 ihrem
1227 3073 1311 3126 wich-

135 3144 326 3202 ceueorischer
343 3145 415 3214 Art,
439 3144 541 3212 gehort
563 3143 616 3197 mit
634 3160 697 3196 zum
751 3143 857 3209 tigsten
872 3143 949 3196 Teile
968 3160 1002 3195 zu
1021 3141 1098 3196 Ende
1113 3143 1226 3197 ffihrenl
1245 3142 1310 3213 Vgl.

135 3215 359 3274 Geeohaltskreis
372 3216 422 3272 des
436 3215 560 3283 Censori,
576 3215 697 3269 dardber
750 3212 822 3266 Einl.
842 3211 855 3264 I
874 3217 888 3277 ξ
908 3218 942 3266 10
961 3211 993 3269 A.
1014 3218 1056 3268 95.

136 3290 189 3344 hat
207 3289 257 3343 der
275 3287 380 3342 Censor
398 3305 431 3341 ru
450 3287 599 3356 verfligen,
618 3290 695 3339 n'am·
787 3289 828 3337 11.
848 3285 879 3339 id
893 3290 982 3339 aorem
996 3286 1166 3352 committere,
1184 3284 1311 3339 n'amlich

135 3359 194 3414 lioh
213 3359 283 3413 uber
300 3358 346 3412 die
359 3358 533 3427 Verletrung
551 3357 628 3410 einer
642 3356 696 3412 eol·
751 3351 807 3408 dass
826 3355 875 3410 der
895 3355 1000 3410 Censor
1023 3356 1065 3411 als
1090 3356 1201 3410 solcher
1224 3357 1311 3410 etwas

136 3431 207 3486 chen
222 3427 535 3499 Gewissenspflichtdie
548 3431 618 3482 nota
632 3443 695 3481 cen·
749 3445 782 3480 au
800 3425 871 3480 thun
891 3429 1050 3495 bekommt,
1070 3422 1220 3481 veranlasst
1238 3427 1309 3481 wird

136 3502 211 3557 soria
224 3499 453 3569 auszueprechen.
479 3499 550 3554 Gell.
565 3498 604 3552 IV
620 3504 651 3552 12
672 3498 696 3551 si
750 3497 986 3566 eiuzuschreiten,
1005 3498 1031 3552 d.
1050 3497 1077 3550 h.
1098 3498 1156 3553 also
1176 3499 1238 3552 eine
1257 3498 1310 3553 Ge·

136 3572 198 3643 quis
212 3589 312 3642 agrum
326 3588 408 3626 suum
421 3587 521 3642 passus
536 3570 629 3624 fuerat
638 3586 695 3624 sor·
751 3567 968 3639 wissenspflicht
985 3587 1018 3622 zu
1036 3569 1184 3624 werletzen.
