2856 4770
475 213 525 269 DE
545 213 718 270 ORATORE
737 214 765 268 11
783 220 826 283 68,
844 229 892 271 ara
911 230 959 271 sus.
1063 272 1066 278 ,
1233 213 1299 280 345

96 400 233 531 1ιιιιιι
257 377 599 551 llimilallellil
612 377 698 550 ill:
715 398 899 552 abab
923 379 1297 531 {titillamen-
1316 468 1354 525 a

95 575 222 638 equam
250 554 374 639 aliquid
401 555 502 620 etiam
530 555 615 638 apud
643 576 704 620 nos
728 554 806 639 leui,
829 558 867 619 ut
888 555 940 620 vel
968 576 1035 619 non
1063 554 1182 619 stultus
1205 554 1299 638 quasi

122 644 221 708 stulte
252 665 323 708 eum
351 643 420 708 sale
448 643 535 708 dieat
565 643 702 727 aliquid:
731 648 769 709 ut
795 643 871 726 tibi,
893 643 1032 722 Antoni,
1055 642 1198 726 Mancia,
1226 664 1298 708 eum

94 746 108 784 ⁵
123 733 268 797 audisset
285 736 317 796 te
335 753 503 797 censorem
517 753 537 796 a
551 731 593 797 M.
608 732 755 798 Duronio
771 733 809 797 de
825 733 950 797 ambitu
968 732 1180 816 postulatum.
1203 729 1299 795 ‘Ali-

123 821 287 904 quando,
305 821 418 904 inquit,
437 821 511 885 tibi
533 824 640 886 tuum
658 821 858 906 negotium
877 841 990 907 agere
1009 818 1169 885 licebit?
1193 818 1297 885 Valde
1314 836 1369 888 att

95 909 203 975 7base
230 909 376 974 ridentur
404 913 437 974 et
463 910 596 975 hercule
624 911 746 992 omnia,
774 932 856 995 quae
885 931 904 975 a
931 909 1144 993 prudentibus
1175 908 1297 992 [quasi]

93 1011 179 1082 ⁸per
210 998 504 1063 dissimulationem
538 1000 617 1079 [non
647 998 874 1083 intellegendi]
913 997 1113 1063 subabsurde
1150 997 1298 1081 salseque

122 1087 281 1151 dicuntur.
319 1087 453 1171 Exque
473 1107 589 1171 genere
613 1091 664 1152 est
682 1086 781 1153 etiam
800 1109 865 1152 non
883 1086 986 1152 videri
1003 1086 1193 1170 intellegere
1212 1086 1298 1171 quod

120 1176 308 1260 intellegas,
330 1179 368 1240 ut
390 1175 577 1241 Pontidius:
601 1174 779 1253 ‘Qualem
802 1175 1017 1259 existimas,
1040 1175 1104 1260 qui
1127 1175 1168 1239 in
1189 1175 1297 1240 adul·

80 1264 222 1329 11terio
247 1263 592 1350 deprehenditur?
639 1262 848 1348 ‘Tardum'3
872 1269 909 1328 ut
932 1284 1008 1349 ego,
1031 1264 1087 1349 qui
1109 1263 1145 1328 in
1168 1262 1297 1328 delectu

120 1351 266 1435 Metello,
289 1375 362 1417 eum
391 1354 632 1418 exeusationem
659 1354 826 1418 oculorum
853 1375 874 1418 a
900 1375 952 1418 me
980 1375 1048 1418 non
1076 1352 1236 1436 aeeiperet
1264 1355 1297 1416 et

119 1440 267 1506 dixisset:
291 1440 362 1505 ‘Tu
385 1442 508 1527 igitur
531 1442 632 1506 nihil
656 1440 802 1507 vides?'
849 1440 946 1527 ‘Ego
976 1463 1081 1526 vero,
1102 1441 1252 1524 inquam,
1276 1459 1368 1510 aare

76 1535 232 1614 aperta
259 1529 469 1614 Esquilina
501 1531 611 1597 video
643 1531 779 1597 villam
811 1529 944 1614 tuam3'
972 1534 1010 1595 ut
1037 1530 1117 1594 illud
1145 1528 1296 1612 Nasicae,

74 1631 101 1670 1⁵
117 1619 172 1702 qui
191 1640 264 1684 eum
287 1618 328 1683 ad
351 1622 483 1703 poetam
500 1618 644 1684 Ennium
669 1620 812 1685 venisset
835 1619 928 1704 eique
952 1620 994 1684 ab
1018 1619 1104 1684 ostio
1128 1619 1296 1703 quaerenti

113 1826 292 1882 sabinisehen
311 1827 404 1884 Maurs
428 1828 484 1882 uud
505 1828 587 1886 Semo
606 1828 675 1884 San-

115 1900 183 1966 eus).

151 1975 174 2022 1.
195 1970 232 2023 ud
250 1986 337 2039 aquas
349 1970 414 2036 fuit,
430 1971 473 2025 ins
488 1969 550 2024 Bad
562 1970 676 2040 gereist

114 2039 271 2107 nattirlieh‚
301 2041 374 2095 denn
403 2043 481 2096 sonat
512 2041 618 2096 konnte
647 2059 677 2097 er

114 2109 195 2165 nieht
213 2112 250 2164 ad
268 2127 355 2180 aquas
373 2127 447 2178 esse;
467 2112 512 2165 fiir
526 2111 571 2166 die
586 2111 677 2167 Bade-

114 2182 168 2235 kur
192 2183 280 2237 selbst
303 2180 415 2236 freilioh
438 2182 484 2236 ein
506 2182 572 2237 sehr
595 2183 677 2237 awei-

114 2252 245 2322 deutiges
264 2252 393 2322 Zeugnis.

149 2341 298 2394 autequam
330 2324 373 2379 als
404 2323 510 2379 libante
538 2324 599 2378 sioh
627 2325 676 2379 der

114 2394 189 2462 Tod,
222 2396 325 2450 ebenso
357 2396 410 2450 wie
443 2395 488 2450 die
517 2394 676 2466 Badereise‚

113 2464 310 2521 wiederbolen.

150 2542 175 2592 3.
194 2552 244 2592 aas
262 2555 299 2593 se.
319 2539 453 2592 oratores.

149 2608 203 2674 uel,
227 2608 300 2661 ohne
324 2604 381 2662 dall
405 2607 529 2661 hernach
553 2607 599 2662 ein
627 2625 676 2662 an-

114 2675 194 2731 detes
207 2678 253 2731 vel
267 2676 353 2746 folgt3
372 2678 511 2732 vielmehr
526 2678 596 2732 wird
609 2694 675 2734 ana·

113 2745 276 2802 koluthiseh
304 2748 365 2802 eine
394 2747 497 2802 andere
524 2747 675 2817 Wendung

731 1829 822 1897 steht,
846 1827 928 1899 quasi
954 1845 1011 1884 non
1029 1827 1200 1898 intellegant
1218 1826 1294 1896 quod

730 1899 903 1970 intellegunt
916 1901 977 1969 (etr.
995 1899 1089 1966 Quint.
1104 1898 1158 1953 ΧΠ
1172 1905 1197 1966 9,
1210 1913 1223 1954 ι
1242 1913 1295 1953 nee
1380 1938 1383 1942 ›

731 1971 781 2027 illo
810 1971 926 2028 fastidio
953 1970 1098 2026 laborabit
1120 1969 1216 2024 orator
1238 1985 1295 2024 non

731 2043 835 2111 agendi
868 2059 967 2097 causas
1000 2041 1142 2109 minores.)
1185 2038 1295 2096 Vorber

730 2114 770 2167 ist
794 2129 850 2167 non
875 2113 980 2167 stultus
1004 2112 1085 2181 quasi
1109 2110 1196 2165 stulte
1225 2109 1295 2165 dieit

732 2183 794 2238 eine
814 2183 959 2238 simulatio
982 2181 1131 2237 stultitiae.
1168 2180 1234 2236 Nun
1256 2181 1295 2235 ist

730 2256 798 2310 aber
820 2254 901 2323 quasi
925 2271 983 2308 non
1010 2252 1194 2322 intellegant,
1218 2253 1294 2320 quod

729 2325 902 2396 intellegunt
938 2325 1001 2380 dem
1045 2323 1197 2394 folgenden
1238 2339 1294 2377 non

729 2395 821 2452 videri
843 2394 1010 2466 intellegere
1039 2395 1115 2464 quod
1142 2392 1294 2464 intellegas

731 2468 795 2522 dem
805 2466 891 2522 Sinne
904 2468 978 2521 nach
992 2465 1095 2535 glaub,
1106 2465 1195 2520 daber
1204 2463 1293 2519 sehei-

730 2555 786 2592 nen
796 2537 841 2592 die
852 2537 1124 2605 eingeklammerten
1134 2534 1233 2590 Worte
1248 2535 1293 2589 ein

731 2608 869 2664 Glossem.
898 2608 963 2677 Vgl
980 2605 1074 2673 Quint.
1090 2605 1130 2659 VI
1144 2612 1170 2672 3,
1184 2620 1210 2661 es
1229 2605 1293 2659 Plu·

729 2678 816 2732 rimus
848 2680 943 2733 autem
977 2677 1052 2732 eirea
1082 2675 1294 2732 simulationem

729 2752 759 2803 et
776 2749 1023 2805 dissimulationem
1046 2747 1119 2802 risus
1143 2747 1200 2813 est,
1220 2763 1292 2818 quae

729 2821 795 2875 sunt
817 2817 912 2875 vicina
937 2822 967 2874 et
993 2834 1083 2889 prope
1107 2818 1218 2886 eadem;
1243 2819 1293 2873 sed

728 2890 873 2946 simulatio
910 2892 954 2946 est
991 2891 1098 2945 sertam
1130 2889 1293 2959 opinionem

727 2961 815 3016 animi
847 2963 891 3016 sni
922 2959 1079 3029 imitantis,
1107 2961 1292 3016 dissimulatio

114 2818 281 2885 gebrauchte
305 2818 394 2873 Valde
418 2817 546 2873 ridentur
564 2820 617 2875 eto.
641 2837 676 2874 ex

114 2906 170 2957 quo
189 2904 291 2957 genere
310 2892 354 2944 est
372 2890 464 2946 etiam.
502 2888 614 2945 Ebenso
634 2906 675 2947 aas

113 2960 155 3014 uel
171 2962 205 3030 (r)
224 2958 310 3030 Appii
329 2990 362 3000 -
381 2959 476 3028 plaoet
494 2962 584 3016 etiam.

150 3037 173 3085 5.
193 3037 219 3086 te
231 3047 373 3099 morem,
392 3031 465 3085 Einl.
479 3030 521 3097 15
537 3037 580 3098 11,
594 3047 634 3087 ras
643 3033 672 3087 ff.
727 3034 820 3088 diana
833 3049 862 3088 se
871 3033 1141 3104 paramiutellepere
1154 3032 1290 3102 tepentis.

148 3102 310 3171 Aliquando
344 3103 396 3157 eto.
429 3101 579 3157 sebeinbar
610 3106 674 3172 gut
727 3101 802 3160 ibes
817 3103 1074 3159 ethereuleomnis
1091 3104 1164 3158 salse
1178 3102 1292 3157 dicendi

113 3173 217 3240 mlitig:
241 3172 337 3228 bisber
359 3172 426 3228 bast
445 3175 483 3229 du
502 3172 547 3228 fur
569 3174 673 3230 andere
726 3175 800 3230 ratio
819 3175 850 3228 in
868 3191 902 3230 eo
921 3176 976 3241 est,
989 3177 1022 3229 ut
1041 3174 1133 3239 aliter,
1149 3189 1235 3241 quam
1249 3176 1293 3229 est

114 3243 283 3310 gearbeitet,
304 3243 376 3313 jetat
398 3244 477 3298 wirst
495 3244 534 3298 du
559 3244 673 3300 endlieh
727 3246 835 3300 rectum
854 3262 1017 3314 verumque,
1035 3244 1154 3299 dieatur.

114 3310 219 3366 einmal
230 3316 316 3369 etwas
329 3313 375 3368 fur
389 3313 455 3370 dieb
469 3313 540 3370 thun
550 3315 672 3386 konnen,
763 3321 787 3372 8.
816 3317 937 3386 aulaeque
955 3315 1031 3384 „und
1056 3314 1140 3370 dabei
1166 3314 1290 3383 witaig.“

112 3382 672 3513 lltlttlltl‘..ebulliant
726 3386 1053 3514 ..llnttlblatlf
1067 3385 1292 3526 tillidi?

114 3540 150 3578 an
165 3523 238 3594 dieb,
253 3523 310 3580 dall
325 3527 363 3580 du
376 3526 407 3581 in
425 3527 565 3596 eigener
580 3527 670 3584 Saehe
724 3545 789 3583 nem
800 3530 829 3585 et
843 3529 1003 3584 scelestum.
1019 3527 1113 3594 Quint.
1122 3527 1161 3581 VI
1169 3533 1229 3597 3‚ar
1239 3527 1294 3582 sed

113 3596 255 3651 austreten
274 3594 363 3652 mullt.
383 3614 417 3653 aa.
727 3601 818 3656 averti
849 3601 1012 3656 intellectus
1038 3600 1068 3654 et
1097 3599 1180 3654 aliter
1208 3597 1288 3665 solet,

150 3668 418 3737 inprudentibus,
439 3668 672 3725 diereebtwohl
726 3688 790 3726 eum
823 3671 859 3726 ab
893 3670 1083 3741 asperioribus
1112 3669 1149 3724 ad
1180 3669 1289 3724 leniora

112 3737 225 3863 lviii?
239 3738 672 3878 litetllllllel'llllllt
726 3741 985 3869 llllllllzalle
1002 3740 1289 3880 rtqllttssttt’

112 3879 285 3935 subabsurde
301 3878 417 3948 spriebt,
432 3898 463 3937 so
476 3883 515 3936 ist
528 3882 589 3938 dies
608 3880 671 3937 eins
724 3830 768 3939 ilio
779 3884 969 3954 deprehensus
983 3853 1065 3951 esset,
1076 3883 1190 3937 tardam
1203 3882 1290 3950 faisse

111 3949 301 4006 dissimulatio
317 3951 491 4022 prudentiae,
505 3953 585 4008 nieht
601 3950 671 4008 bloll
724 3955 880 4025 respondit.

111 4021 173 4077 eine
194 4021 275 4091 quasi
294 4019 492 4076 dissimulatio.
517 4024 612 4079 Daber
625 4041 672 4094 ge·
762 4028 795 4080 a'a
812 4027 915 4082 delecta
931 4057 964 4065 -
979 4043 1041 4078 zum
1056 4023 1158 4080 Zweek
1176 4023 1226 4078 des
1241 4023 1288 4093 ju-

111 4094 176 4148 hort
195 4092 277 4162 quasi
294 4093 375 4147 nieht
392 4111 427 4146 zu
443 4111 494 4162 per
510 4093 671 4150 dissimula·
726 4096 939 4166 gurthinisoben
957 4094 1068 4166 Kriegs.

110 4163 231 4232 tionem,
257 4163 378 4219 sondern
402 4164 465 4218 dem
490 4163 575 4220 Sinne
598 4166 672 4221 nauh
763 4172 805 4224 14.
824 4169 932 4233 villam
955 4181 1008 4235 aee,
1028 4166 1074 4222 die
1092 4165 1131 4219 ist
1153 4181 1184 4219 so
1208 4164 1287 4234 gltn·

110 4252 147 4288 au
160 4251 215 4289 non
234 4234 423 4304 intelligendi,
438 4234 489 4290 das
508 4237 553 4291 ein
573 4253 671 4307 epexe-
725 4239 811 4308 zend,
829 4235 887 4292 dail
911 4238 951 4292 sie
975 4237 1048 4291 aueh
1069 4236 1119 4291 der
1136 4234 1288 4289 Kurasieh-

111 4304 252 4374 getiseber
275 4305 395 4361 Genetiv
418 4325 453 4362 nu
481 4306 670 4363 dissimulatio
725 4309 813 4379 tigste
832 4327 882 4365 aus
901 4309 950 4364 der
969 4309 1058 4363 Ferre
1078 4307 1165 4361 seben
1182 4306 1269 4361 kann.

111 4375 161 4441 ist3
182 4375 243 4431 eine
256 4376 448 4450 Verstelluug‚
463 4378 508 4434 die
527 4379 609 4434 darin
622 4379 671 4435 be·
763 4386 805 4439 15.
823 4382 926 4438 ostiara
942 4378 986 4433 ist
999 4376 1084 4432 uem
1094 4377 1165 4429 *mer
1181 4376 1305 4427 uerbu-

165 4471 212 4514 010.
225 4485 258 4515 os
273 4486 344 4518 oasr.
1060 4467 1103 4515 *aa
