2856 4770
456 227 505 282 DE
524 228 695 285 ORATORE
713 229 738 284 11
757 236 800 299 54,
819 247 867 289 212,
886 247 933 287 ars.
1216 230 1280 295 317

84 420 95 458 1
111 396 190 480 tiae3
213 418 306 480 quae,
324 395 450 460 etiamsi
474 396 538 460 alia
557 395 667 459 omnia
690 395 777 459 tradi
800 397 870 460 arte
888 398 1034 479 possunt,
1053 399 1187 459 naturae
1207 399 1283 460 sunt

110 486 242 571 propria
276 488 362 550 certe
396 506 500 568 neque
529 485 630 548 ullam
663 488 766 548 artem
798 484 988 548 desiderant.
1034 482 1074 548 In
1102 485 1218 567 quibus
1246 487 1283 548 tu

110 575 208 658 longe
241 573 314 638 aliis
342 595 413 638 mea
441 574 614 656 sententia,
643 570 774 652 Caesar,
804 572 948 657 excellis3
976 595 1040 657 quo
1070 573 1174 658 magis
1202 572 1284 637 mihi

84 663 211 727 retiam
237 667 294 728 aut
320 663 414 727 testis
443 684 513 726 esse
541 666 647 747 potes,
670 663 793 726 nullam
821 684 891 727 2222
921 664 1024 726 artem
1054 662 1132 727 salis
1160 664 1230 747 aut,
1255 662 1283 726 si

113 774 176 835 qna
200 756 258 830 est,
282 773 351 815 eam
375 758 411 815 tu
433 751 638 836 potissimum
664 773 724 816 nos
748 752 869 816 docere.

85 864 99 903 s
201 840 273 924 Ego
291 861 377 925 vero,
395 841 501 923 inquit
520 838 696 922 [CAESARL
715 840 802 905 omni
822 841 860 904 de
878 861 913 904 re
931 840 1067 906 facetius
1086 844 1166 924 puto
1185 861 1283 924 posse
1302 855 1353 905 211

86 929 153 993 vab
176 928 306 993 homine
325 950 391 993 non
411 930 579 1012 inurbano,
598 951 694 1013 qnam
714 929 851 1013 deipsis
870 929 997 994 facetiis
1016 929 1185 1013 disputari.
1218 928 1284 992 Ita-

85 1039 174 1101 sque
197 1040 270 1082 cum
295 1018 451 1102 quosdam
476 1017 616 1083 Graecos
643 1018 817 1102 inscriptos
846 1019 947 1083 libros
977 1040 1046 1083 esse
1069 1019 1220 1083 vidissem
1245 1017 1284 1081 de

113 1106 267 1191 ridiculis,
286 1107 478 1173 nonnullam
496 1107 530 1170 in
551 1129 641 1191 spem
659 1129 810 1172 veneram
829 1128 925 1192 posse
943 1129 995 1171 me
1014 1108 1134 1191 aliquid
1155 1106 1283 1171 existis

73 1220 99 1260 ro
113 1195 246 1261 discere.
279 1195 394 1260 Inveni
413 1200 520 1260 autem
540 1196 678 1261 ridicula
697 1200 730 1261 et
749 1198 835 1261 salsa
857 1197 960 1261 multa
979 1195 1173 1261 Graecorum
1194 1193 1284 1281 (nam

114 1288 147 1348 et
166 1284 264 1349 Siculi
288 1285 323 1348 in
346 1305 384 1349 eo
408 1306 523 1369 genere
544 1289 576 1349 et
593 1284 713 1350 Rhodii
737 1289 769 1349 22
788 1285 938 1370 Byzantii
958 1288 991 1349 et
1012 1289 1142 1370 praeter
1161 1290 1284 1349 ceteros

74 1400 99 1438 m
114 1372 216 1438 Attici
244 1371 431 1460 excellunt);
462 1374 517 1438 sed
546 1375 600 1456 qui
628 1375 696 1438 eius
724 1376 772 1439 rei
800 1375 958 1439 rationem
986 1374 1149 1458 quandam
1177 1373 1285 1438 conati

113 1465 189 1526 sunt
218 1465 384 1546 artemque
411 1463 552 1546 tradere,
575 1463 621 1528 sio
648 1464 762 1527 insulsi
792 1464 998 1546 exstiterunt,
1022 1468 1059 1528 ut
1086 1462 1170 1527 nihil
1194 1462 1281 1526 aliud

74 1578 100 1616 14
114 1573 224 1615 eorum
246 1552 311 1616 nisi
334 1553 406 1636 ipsa
428 1551 595 1616 insulsitas
619 1552 768 1618 rideatur.
807 1551 912 1628 Quare
937 1552 1018 1616 mihi
1042 1552 1168 1636 quidem
1193 1551 1282 1616 nullo
1303 1567 1354 1616 218

113 1640 240 1705 videtur
264 1640 360 1705 modo
384 1640 532 1706 doctrina
554 1641 620 1706 ista
642 1663 693 1705 res
717 1664 811 1725 posse
833 1641 927 1707 tradi.
967 1640 1101 1705 Etenim
1125 1663 1197 1705 cum
1221 1640 1283 1704 duo

75 1755 100 1795 rs
116 1750 233 1813 genera
257 1729 322 1794 sint
343 1729 543 1815 facetiarum,
567 1731 706 1795 alterum
730 1730 944 1815 aequabiliter
966 1730 999 1794 in
1025 1729 1114 1794 omni
1138 1750 1287 1795 sermone

115 1921 673 1991 stimmt;facetiae,sowohlfeine,geist-
728 1921 773 1976 die
794 1922 985 1993 Begrdndung
1011 1921 1091 1977 nicht
1112 1922 1165 1977 mit
1190 1921 1287 1991 itaque

114 1991 208 2046 reiche
236 1992 369 2060 Einfalle,
397 1994 442 2047 die
472 1994 559 2047 durch
592 1995 674 2048 ihren
727 1995 802 2062 apud
821 1996 916 2063 patres
935 1996 1045 2048 nostros
1065 1993 1172 2049 aditum
1188 1995 1232 2048 est
1250 1991 1286 2047 ad

93 2110 96 2113 .
115 2060 183 2116 Reiz
197 2062 242 2117 die
257 2063 380 2118 Zuhdrer
396 2065 551 2134 gewinnen,
566 2064 608 2118 als
622 2065 673 2118 hu·
727 2063 814 2119 libros
832 2065 992 2134 Sibyllinos,
1012 2065 1133 2121 sondern
1151 2064 1204 2118 mit
1222 2062 1287 2118 dem

114 2133 304 2189 moristischer
330 2133 389 2188 und
408 2136 533 2204 witziger
551 2136 611 2190 Ton
634 2135 674 2189 im
728 2137 859 2204 spiteren
876 2139 938 2190 tum
956 2167 989 2176 —
1009 2137 1169 2190 sacerdotes
1187 2134 1287 2204 populi

114 2204 308 2274 allgemeinsn.
727 2206 895 2262 Romani-
913 2223 1001 2276 usque
1014 2207 1148 2263 'Hennam
1167 2205 1289 2275 profecti

151 2283 175 2332 1.
195 2281 261 2344 arte,
279 2276 460 2331 theoretisch.
728 2280 801 2332 sunt.
812 2278 928 2402 qudv.
945 2279 981 2333 ad
997 2277 1051 2335 cic.
1068 2279 1101 2334 de
1111 2277 1170 2333 Fin.
1182 2277 1194 2330 Ι
1204 2283 1219 2344 ξ
1231 2278 1286 2348 18].

151 2350 339 2403 2222212222.
374 2365 395 2402 s.
415 2348 441 2403 d.
460 2348 525 2402 krit.
544 2347 672 2418 Anhang.
728 2349 792 2418 Vgl.
843 2365 877 2406 oe.

110 2463 111 2466 .
151 2426 175 2474 6.
202 2420 319 2485 facetias
342 2419 430 2487 (nicht
453 2419 585 2490 facilius),
606 2418 672 2474 an-
764 2427 789 2476 8.
815 2422 1009 2489 deridiculis,
1039 2421 1132 2487 Quint.
1156 2419 1194 2473 VI
1212 2427 1242 2487 3,
1261 2435 1287 2474 22

114 2506 161 2544 sar
178 2490 260 2560 fangt
278 2491 327 2544 der
340 2490 432 2545 Natur
446 2490 536 2546 seines
552 2491 673 2546 Themas
726 2493 874 2561 Proprium
895 2496 990 2546 autem
1007 2493 1159 2560 materiae,
1178 2491 1213 2545 de
1233 2506 1288 2558 qua

115 2558 218 2628 gemell
237 2560 331 2630 gleich
349 2561 403 2615 mit
427 2560 518 2616 ciuem
542 2561 674 2630 witzigen
727 2579 801 2616 nunc
816 2563 966 2631 loquimur,
982 2565 1025 2617 222
1038 2563 1197 2629 ridiculum,
1210 2559 1288 2616 ideo·

115 2630 269 2701 Wortspiel
288 2649 324 2685 an
343 2646 394 2698 2583
414 2650 441 2700 p.
456 2631 550 2686 Plane.
567 2647 601 2687 ss.
729 2649 782 2699 que
800 2634 871 2687 haec
889 2635 951 2687 tota
969 2633 1123 2701 disputatio
1143 2648 1160 2685 a
1175 2631 1288 2686 Graecis

139 2706 176 2757 ⁴1.
195 2702 293 2771 Itaque
311 2718 337 2755 u.
358 2718 380 2757 s.
399 2720 433 2756 vv.
453 2702 498 2756 ein
517 2704 566 2756 der
580 2702 673 2756 Perio·
728 2704 792 2770 περὶ
807 2704 917 2771 γελοίου
931 2703 1102 2771 inscribitur,
1116 2701 1162 2758 ein
1171 2703 1288 2772 Thema,

116 2771 260 2841 disierung
278 2770 444 2841 gebrachtes
465 2773 557 2841 Opfer.
588 2770 673 2826 Otsar
728 2775 778 2825 das
804 2773 877 2827 nach
904 2775 953 2829 des
976 2774 1141 2830 Leontiners
1169 2772 1288 2844 Gorgias

115 2842 174 2898 will
193 2860 295 2912 sagen:
319 2841 379 2897 vidi
402 2844 538 2912 quosdam
562 2843 673 2899 libellos
727 2843 863 2914 Vorgang
885 2846 944 2899 und
966 2848 1060 2915 sp'ater
1081 2846 1154 2901 nach
1179 2845 1288 2901 Aristo-

115 2914 150 2968 de
160 2913 296 2982 ridiculis,
306 2914 404 2982 itaque
414 2915 525 2983 speravi
536 2930 580 2968 me
591 2932 675 2984 posse
727 2915 806 2971 teles'
821 2917 878 2970 und
893 2917 1084 2987 Theophrasts
1099 2916 1224 2986 Beispiel
1242 2916 1288 2971 die

115 2986 214 3042 dicere.
252 2984 309 3040 Das
333 2985 403 3040 vird
425 2987 498 3041 nach
522 2985 674 3041 beliebtem
728 2986 832 3056 griech.
852 2987 994 3044 Rhetoren
1019 2987 1105 3044 212222
1128 2987 1290 3043 behandeln

116 3058 235 3112 Schema
254 3057 414 3128 geweudet:
433 3057 531 3126 Itaque
551 3073 614 3111 oum
633 3056 674 3112 vi·
728 3061 866 3114 mochten.
905 3060 1006 3114 Solche
1033 3059 1136 3115 rhetor.
1161 3062 1208 3114 fiir
1236 3077 1288 3113 uns

116 3129 219 3183 dissem
239 3128 357 3198 speravi.
394 3128 432 3183 Es
451 3129 526 3183 nieht
544 3129 604 3183 also
624 3130 674 3182 das
728 3131 856 3185 verloren
871 3146 1035 3201 gegangene
1046 3130 1187 3187 Schriften
1200 3130 1290 3185 meint

114 3199 211 3266 itaque
230 3199 307 3254 seine
321 3199 530 3270 Berechtigung
549 3203 606 3255 erst
624 3218 674 3255 aus
729 3202 791 3257 hier
809 3200 901 3255 02222.

116 3271 179 3323 dem
198 3269 357 3338 folgenden.
390 3257 557 3340 llberhaupt
573 3271 611 3326 122
629 3272 676 3326 bei
767 3277 808 3327 10.
826 3273 909 3339 sulcu,
927 3287 975 3328 251.
995 3287 1041 3329 rsa.
1061 3287 1108 3329 222.
1128 3289 1174 3330 ars.
1202 3272 1248 3327 Or.
1263 3288 1289 3328 so

115 3340 212 3408 itaque
237 3342 310 3395 diter
333 3342 394 3396 eine
417 3341 544 3412 logisoho
563 3342 674 3398 Anako-
730 3343 868 3413 quidquid
887 3348 916 3399 et
934 3343 1039 3400 salsum
1055 3376 1087 3384 -
1103 3343 1133 3399 in
1152 3345 1288 3413 oratione,

116 3410 207 3465 luthie
231 3428 264 3465 zu
287 3413 493 3478 honstatieren‚
518 3414 674 3483 21123212-
729 3415 759 3468 id
777 3415 922 3484 proprium
940 3413 1098 3470 Atticorum
1117 3419 1174 3483 est,
1194 3433 1209 3470 e
1229 3416 1288 3484 qui-

115 3484 189 3536 baeh
201 3481 276 3536 Stil.l
290 3488 399 3551 916122
414 3484 544 3552 srvafg.
564 3483 675 3540 Ebenso
729 3487 781 3541 bus
795 3487 892 3540 tamen
905 3503 961 3541 non
972 3503 1068 3541 omnes
1082 3486 1176 3542 faceti.
1194 3487 1288 3553 Quint.

116 3554 186 3607 wird
219 3569 258 3608 222
296 3553 341 3609 die
373 3556 561 3626 Behauptung
596 3556 675 3610 nullo
731 3557 768 3610 Vl
779 3563 803 3625 3,
815 3572 841 3612 ra
854 3560 957 3613 salsum
966 3556 1054 3628 igitur
1068 3559 1129 3626 erit,
1144 3560 1218 3628 quod
1232 3574 1289 3613 non

116 3624 228 3679 videtur
241 3625 323 3679 modo
334 3624 462 3680 doctrina
474 3627 531 3680 ista
540 3641 584 3679 res
593 3643 675 3696 posse
729 3628 784 3682 erit
800 3629 947 3695 insulsum,
964 3629 1043 3684 velut
1063 3631 1206 3697 quoddam
1224 3630 1289 3684 sim·

116 3695 191 3750 tradi
218 3695 298 3748 nieht
325 3696 412 3750 durch
440 3699 543 3751 etenim
567 3729 601 3738 -
624 3698 676 3752 illa
728 3700 794 3768 plex
817 3698 952 3754 orationis
976 3701 1193 3769 condimentum,
1212 3701 1289 3768 quod

117 3766 271 3833 cavillatio,
290 3765 361 3820 haec
375 3798 408 3806 -
427 3769 561 3824 dicacitas
580 3769 675 3839 appel·
730 3769 848 3824 sentitur
862 3772 968 3826 latente
978 3770 1082 3826 iudicio
1092 3771 1171 3826 velut
1179 3771 1277 3840 palato
1310 3816 1314 3840 ,

115 3841 176 3893 lata
203 3838 258 3905 est,
283 3837 453 3907 begrv'indet,
481 3840 601 3896 condem
630 3841 675 3895 die
730 3841 890 3909 excitatque
904 3845 934 3896 22
948 3858 965 3896 a
978 3842 1074 3897 taedio
1090 3843 1217 3897 defendit
1230 3859 1288 3897 ora-

115 3909 307 3979 Begriindung
321 3907 392 3979 liegt
410 3911 466 3964 ersi
484 3912 513 3964 in
532 3912 676 3981 (1221222-
729 3913 844 3968 tionem.

115 3984 194 4036 teren
231 3996 294 4034 cum
327 3984 479 4049 perpetuae
510 3981 676 4037 festivitatis
767 3989 808 4038 12.
828 3985 962 4039 rationem
980 3986 1121 4053 quondam
1140 4017 1173 4026 -
1192 3990 1288 4040 artem·

117 4069 162 4106 ars
180 4070 237 4106 non
255 4049 437 4118 desideretur,
455 4053 516 4105 tum
534 4053 563 4107 in
583 4054 674 4108 altero
728 4070 786 4123 quc.
806 4069 853 4109 ns.
873 4055 1004 4109 naratio
1023 4057 1108 4125 atque
1128 4056 1263 4110 doctrina.

117 4123 275 4178 dicacitatis
290 4123 357 4190 quid
370 4123 458 4177 habet
473 4139 517 4177 ars
526 4123 590 4178 loci.
610 4123 673 4194 Vgl.
766 4130 807 4178 14.
826 4127 960 4194 rideatur,
976 4123 1032 4180 dall
1047 4144 1077 4181 es
1092 4128 1186 4199 [iiber]
1197 4126 1289 4180 nichts

116 4193 145 4248 in
164 4194 241 4250 Verr.
261 4192 300 4248 IV
318 4209 364 4248 108.
402 4193 458 4248 Far
481 4196 525 4249 die
544 4194 674 4264 Behaup·
729 4197 847 4251 anderes
861 4196 908 4250 bei
919 4195 980 4252 ihm
994 4215 1032 4250 zu
1046 4198 1168 4252 lachen
1182 4197 1289 4265 giebt.

117 4268 187 4334 inng
201 4283 252 4321 nec
267 4265 356 4320 solnm
372 4265 467 4334 Siculi,
484 4267 673 4321 verumetiam
767 4273 807 4321 16.
825 4269 989 4334 facetiarum
1012 4268 1050 4321 ist
1072 4268 1134 4323 hier
1157 4270 1198 4323 als
1222 4265 1289 4322 Gat-

118 4337 226 4390 ceterae
241 4342 338 4405 gentes
352 4337 537 4406 nationesque
546 4338 674 4393 Hennes·
728 4336 919 4408 tungsbegriff
926 4338 1153 4408 gebraucht(wie
1163 4339 1293 4393 hernach

118 4423 175 4461 sem
195 4406 321 4462 Cererem
340 4408 461 4463 maxime
480 4409 584 4478 colunt,
601 4410 675 4481 iolgt
728 4409 830 4480 lepos),
843 4411 894 4464 der
907 4408 1023 4463 sovvohl
1035 4409 1085 4462 die
1099 4406 1315 4460 2222122222
