2856 4770
431 212 673 271 ouoanroan
691 213 719 268 11
738 220 780 285 ie,
800 228 833 269 a.
863 219 906 283 ιτ,
925 229 959 268 a.
1219 213 1283 277 251

114 400 186 444 cum
208 377 331 442 tradita
354 378 420 442 sint
443 377 598 461 cuiusque
622 376 702 441 artis
727 374 933 460 difficillima,
959 373 1098 459 reliqua,
1125 375 1201 459 quia
1229 379 1288 441 aut

85 467 261 532 afaciliora
289 469 346 530 aut
376 466 496 530 similia
526 467 606 549 sint,
640 464 725 530 tradi
756 485 824 530 non
852 485 983 530 necesse
1012 485 1083 528 esse
1115 500 1153 510 —
1185 467 1224 529 ut
1250 464 1286 528 in

111 552 253 640 pictura,
282 555 337 638 qui
359 554 503 619 hominis
527 554 668 637 speciem
692 553 827 637 pingere
850 552 1071 638 perdidicerit,
1093 573 1189 636 posse
1212 573 1285 618 eum

111 644 253 711 cuiusvis
277 643 330 708 vel
351 643 476 708 formae
499 643 552 708 vel
576 641 702 720 aetatis,
726 643 944 706 etiamsinon
967 640 1128 725 didicerit,
1151 640 1284 724 pingere

110 754 214 817 neque
237 753 308 797 esse
330 732 525 817 periculum,
549 731 604 815 qui
626 732 753 796 leonem
777 733 835 795 aut
856 733 985 796 taurum
1007 729 1123 814 pingat
1145 730 1284 814 egregie,

110 843 152 887 nc
175 819 261 885 idem
278 821 313 885 in
332 821 443 885 multis
463 820 535 885 aliis
556 818 818 903 quadrupedibus
836 817 942 884 facere
960 839 1027 885 non
1045 818 1150 902 possit
1165 815 1284 903 (neque

86 907 162 974 rest
181 910 311 975 omnino
332 931 384 974 ars
404 909 481 994 ulla,
502 909 538 972 in
556 929 620 992 qua
639 907 759 991 omnia,
777 928 859 992 quae
877 907 935 972 illa
953 910 1023 971 arte
1043 906 1128 972 effici
1146 908 1284 991 possint,

85 1017 132 1063 oa
164 998 295 1063 doctore
326 997 509 1080 tradantur3
541 995 597 1060 sed
631 996 686 1081 qui
713 996 894 1081 primarum
922 1000 955 1060 et
983 998 1145 1060 certarum
1177 1016 1284 1059 rerum

85 1099 232 1171 exgenere
255 1087 328 1169 ipsa
351 1085 544 1169 didicerunt,
566 1085 692 1170 reliqua
717 1086 796 1166 [non
819 1083 1038 1165 incommode]
1062 1105 1120 1167 per
1139 1104 1174 1148 se
1193 1081 1283 1149 adse·

73 1194 98 1234 10
113 1172 269 1260 quantur)
296 1208 334 1220 —-
360 1173 511 1238 similiter
534 1173 675 1238 arbitror
698 1173 731 1237 in
755 1172 816 1238 hac
836 1174 904 1239 sive
926 1172 1052 1238 ratione
1075 1173 1143 1236 sivo
1166 1173 1284 1237 exerci-
1304 1183 1338 1234 70

111 1264 236 1328 tatione
260 1262 401 1345 dicendi,
428 1263 483 1345 qui
505 1261 598 1326 illam
621 1262 687 1327 vim
711 1261 847 1345 adeptus
871 1263 929 1344 sit,
956 1263 993 1326 ut
1016 1281 1127 1325 eorum
1150 1263 1286 1343 mentes,

113 1352 168 1436 qui
191 1353 248 1416 aut
271 1351 310 1415 de
333 1372 367 1415 re
390 1351 520 1434 publica
544 1354 601 1414 aut
624 1350 663 1415 de
681 1351 784 1434 ipsius
807 1350 903 1415 rebus
928 1353 985 1415 aut
1008 1349 1148 1432 deeius,
1172 1351 1286 1414 contra

71 1461 97 1501 ¹³
112 1438 1285 1612 tltufftt‘ttlllllltll’iltrsltlbfllll‘tbitti

71 1637 97 1678 15
112 1638 230 1702 genere
253 1617 451 1700 reliquarum
475 1616 661 1681 orationum
678 1637 745 1681 non
763 1615 838 1700 plus
863 1615 1087 1700 quaesiturum
1111 1636 1191 1699 esse,
1210 1614 1287 1698 quid

72 1726 97 1766 re
112 1707 208 1789 dicat,
228 1727 326 1790 quam
341 1704 538 1788 Polyclitum
557 1704 660 1786 illum,
679 1726 752 1769 cum
766 1703 939 1771 Herculem
957 1703 1117 1788 fingebat,
1136 1700 1287 1787 quemad-

109 1794 242 1859 modum
269 1795 388 1877 pellem
416 1796 473 1858 aut
499 1793 640 1877 hydram
666 1793 821 1877 fingeret,
850 1793 980 1858 etiamsi
1007 1792 1087 1859 haec
1109 1812 1287 1876 numquam

113 1881 289 1966 separatim
312 1881 419 1947 facere
442 1881 617 1946 didicisset.

197 1969 280 2034 Tum
303 1973 476 2036 Cuntinus:
498 1969 669 2035 Praeclare
692 1969 774 2034 mihi
798 1969 932 2053 videris,
960 1967 1099 2052 Antoni,
1122 1968 1282 2052 posuisse,
1296 1969 1332 2025 17
1355 1976 1389 2028 71

103 2059 224 2143 inquit,
244 2062 320 2123 ante
339 2059 460 2141 oculos,
480 2058 556 2143 quid
574 2058 696 2123 discere
711 2060 877 2141 oporteret
895 2080 978 2140 eum,
997 2058 1052 2142 qui
1072 2059 1184 2123 orator
1197 2061 1285 2122 essct

107 2148 251 2229 futurus,
278 2147 371 2230 quid,
398 2147 614 2212 etiamsinon
641 2147 820 2230 didicisset,
848 2167 887 2211 ex
915 2168 967 2229 eo,
996 2146 1082 2229 quod
1110 2145 1285 2227 didicisset,

72 2257 99 2296 ne
113 2237 304 2301 adsumeret.
351 2234 521 2300 Deduxisti
553 2235 640 2300 enim
672 2238 777 2300 totum
809 2235 975 2301 hominem
1006 2235 1042 2299 in
1073 2231 1137 2299 duo
1166 2252 1287 2318 genera

146 2398 172 2450 2.
198 2407 301 2447 measse
326 2407 380 2446 esec
403 2422 436 2430 —
461 2390 507 2446 die
531 2390 672 2448 Infinitive
725 2410 760 2447 au
778 2390 923 2461 badurico,
942 2407 998 2446 von
1016 2391 1105 2445 selbot
1122 2389 1220 2459 fertig;
1236 2405 1288 2460 per

110 2461 149 2516 im
168 2462 406 2532 vergleichenden
429 2461 495 2517 Sata
518 2461 583 2516 sind
605 2477 672 2517 vom
725 2479 753 2517 ee
771 2480 819 2517 um
834 2463 883 2517 des
902 2460 1159 2516 nachdriielrlichen
1178 2460 1287 2530 Gegan-

109 2533 275 2602 Hauptverb
294 2533 343 2587 des
359 2533 558 2603 verglichenen
572 2532 670 2588 Sataes
725 2535 816 2587 saties
840 2547 931 2602 gagen
955 2548 973 2584 a
995 2531 1110 2585 doctore
1133 2530 1208 2585 tradi
1231 2529 1290 2583 und

110 2605 251 2672 (arbitror)
270 2603 423 2671 abhtngig.
442 2619 478 2658 eo.
725 2602 833 2657 discere
851 2602 959 2670 willen,
983 2615 1039 2667 ³⁶03
1063 2601 1117 2656 wic
1135 2599 1216 2657 Tuse.
1234 2600 1249 2654 Ι
1267 2617 1288 2656 ι.

146 2679 171 2727 7.
187 2674 280 2728 omnia
294 2703 327 2712 -
343 2673 413 2726 alles
429 2672 482 2741 (bie
495 2671 526 2726 in
540 2672 585 2728 die
599 2672 670 2727 kon-
724 2673 890 2739 didicerant,
909 2687 944 2728 re.
968 2672 1164 2740 ammomum,
1184 2686 1219 2726 ee.
1240 2686 1289 2728 ire.

110 2745 255 2799 kretesten
272 2741 477 2810 Einaelheiten)
501 2760 559 2798 was
582 2741 671 2796 durch
763 2749 804 2798 10.
836 2743 893 2797 cicc
924 2742 1032 2798 ratione
1059 2743 1112 2797 etc.
1152 2737 1237 2813 τέχνῃ
1269 2736 1287 2810 ἢ

111 2815 156 2870 die
181 2813 353 2869 betreffende
376 2813 447 2882 (illa)
471 2812 563 2868 Kunst
586 2812 674 2883 gelei·
727 2809 853 2881 ἀσκήσει,
868 2813 882 2866 Ι
896 2826 917 2867 s.
940 2812 1018 2867 Brut.
1033 2826 1059 2867 as
1079 2813 1133 2869 hoe
1146 2828 1212 2868 vero
1228 2811 1288 2868 sine

110 2888 167 2942 stet
184 2885 298 2940 werden
316 2885 401 2938 kann.
722 2883 786 2943 ,ulla
796 2883 973 2940 dubitatione
984 2882 1217 2950 confirmaverim,
1227 2881 1287 2938 sive

145 2963 171 3014 8.
193 2957 353 3027 primorum
376 2961 401 3010 et
419 2959 555 3010 omarum
572 2969 672 3025 poma
725 2954 778 3011 illa
801 2957 850 3023 (sc.
874 2953 1047 3026 eloquentia)
1073 2955 1134 3009 arte
1160 2954 1288 3024 pariatur

109 3029 180 3098 apsa,
194 3028 244 3082 der
258 3024 421 3082 Unterricht
434 3024 512 3080 kann
525 3025 586 3080 sich
600 3025 672 3080 eben
725 3025 822 3094 aliqua
849 3024 908 3079 sive
936 3024 1137 3081 exercitatione
1164 3024 1288 3094 quadam

109 3117 161 3153 nur
186 3099 238 3154 auf
257 3097 304 3152 die
328 3095 564 3166 allgemeinen
590 3095 671 3151 Gat·
725 3097 785 3151 sive
800 3099 909 3164 natura,
923 3112 983 3150 rem
993 3113 1077 3151 unam
1087 3112 1149 3150 esse
1160 3094 1287 3150 omnium

109 3168 331 3238 tungsbilder
360 3168 418 3222 und
450 3169 549 3237 Typen
575 3165 670 3236 (Kopf,
724 3165 928 3223 difficillimam.
961 3167 996 3221 de
1014 3166 1069 3221 inv.
1089 3165 1103 3219 I
1121 3172 1149 3234 4,
1166 3180 1187 3222 5.

108 3239 206 3308 Brust,
224 3237 300 3308 Full,
318 3237 414 3306 Hand)
437 3238 496 3292 und
515 3238 588 3292 auch
607 3237 668 3292 hier
759 3244 801 3293 13.
815 3254 877 3293 cum
891 3239 988 3307 aliqua
996 3238 1137 3293 statuendi
1142 3241 1287 3306 potestate,

110 3310 188 3366 nicht
206 3309 311 3366 einmal
328 3311 378 3365 anf
394 3310 459 3377 alle,
478 3309 598 3364 condem
615 3325 668 3363 nur
722 3325 748 3366 ra
766 3308 875 3377 quinci
893 3307 1023 3365 dominus
1041 3307 1153 3362 futurus
1175 3309 1225 3376 est,
1245 3307 1286 3362 sei

111 3380 162 3434 aul
182 3380 229 3435 die
251 3380 476 3449 wichtigsten
498 3380 556 3434 und
584 3380 668 3434 fest·
722 3397 751 3435 es
771 3377 828 3434 dass
848 3379 925 3434 diese
940 3377 1158 3434 entscheidende
1175 3377 1287 3433 Geualt

111 3451 302 3506 etehenden
334 3450 455 3521 Objekte
488 3452 521 3519 (a.
549 3449 580 3505 Β.
614 3450 668 3504 den
721 3451 752 3505 in
780 3451 836 3506 den
862 3449 983 3505 thden
1011 3450 1059 3505 des
1083 3448 1190 3506 Volkes
1218 3449 1286 3505 oder

109 3521 187 3592 Kopf
212 3522 261 3576 des
290 3522 481 3592 olympischen
509 3521 594 3589 Zeus,
619 3522 667 3576 des
723 3522 823 3577 Senatu
843 3520 911 3577 oder
930 3521 979 3575 der
997 3520 1115 3576 Richter
1134 3521 1189 3590 lug.

111 3592 222 3662 Apollo,
241 3590 376 3661 Bacchus,
394 3593 444 3648 der
457 3591 540 3658 Here,
560 3590 668 3661 Aphro·
761 3599 802 3648 15.
831 3608 889 3647 non
912 3593 980 3660 plus
1006 3593 1195 3661 quaesitarum
1223 3606 1285 3657 ecoe,

111 3664 170 3718 dite
189 3661 258 3717 oder
277 3663 349 3718 auch
366 3664 416 3718 auf
432 3664 486 3719 den
499 3661 578 3732 Kopf
593 3663 668 3717 eines
722 3679 804 3732 quam
829 3662 881 3718 Pol
901 3663 932 3719 cl.
961 3661 1159 3731 ebensowenig
1188 3665 1285 3729 augst-

110 3735 222 3802 deen,
242 3733 317 3788 eines
336 3733 461 3803 Plerdes,
479 3734 556 3789 eines
571 3733 668 3800 Stieis,
722 3732 864 3796 lichnach
911 3733 1113 3799 ortensuchen‚
1128 3748 1175 3786 um
1186 3731 1285 3787 Worte

111 3807 187 3861 eines
206 3804 307 3859 Adlers
324 3823 351 3858 u.
367 3820 388 3858 s.
402 3807 447 3872 w.)
465 3803 584 3859 richten.
722 3805 753 3859 in
771 3802 974 3873 Verlegenh'eit
996 3803 1070 3871 sein,
1094 3802 1136 3857 als
1160 3801 1286 3870 Polyklit

146 3883 172 3934 9.
184 3893 235 3946 per
247 3892 275 3931 se
288 3875 484 3944 adsequantur,
498 3891 555 3930 wer
568 3875 598 3928 in
612 3873 671 3930 dic·
724 3875 848 3943 damals,
868 3875 910 3929 als
930 3889 960 3928 er
979 3915 985 3929 .
1002 3915 1008 3929 .
1025 3917 1031 3930 .
1051 3889 1081 3928 ee
1100 3873 1200 3928 darum
1218 3888 1286 3943 war,

111 3965 159 4003 sen
177 3946 366 4018 allgemeinen
384 3946 503 4001 Formen
516 3945 558 4002 alu
572 3944 670 4016 Typen
724 3945 777 4001 wie
796 3962 826 4001 er
844 3962 871 3999 u.
887 3963 908 4000 s.
922 3963 957 3999 w.
990 3944 1054 4014 Vgl.
1073 3942 1087 3996 I
1105 3959 1153 3999 acc.

111 4018 160 4074 des
193 4018 345 4074 Einaelnen
377 4017 435 4070 und
467 4016 671 4072 lndividuellen
763 4023 804 4073 16.
829 4016 989 4082 Herculem,
1013 4016 1063 4071 der
1085 4015 1127 4070 als
1151 4015 1201 4070 das
1224 4032 1286 4071 vor-

111 4091 230 4160 gehbdg
247 4087 434 4143 unterriehtet
447 4085 494 4154 ist,
512 4087 562 4141 der
575 4087 672 4157 bringt
725 4085 882 4157 zsiglichste
914 4086 1103 4142 Horoenideal
1139 4084 1201 4140 eine
1238 4085 1288 4140 der

112 4158 469 4216 aufGrunddieserseiner
483 4159 671 4226 allgemeinen
724 4158 884 4226 htufigstcn
909 4157 1042 4226 ·Figuren
1082 4157 1132 4211 der
1169 4156 1286 4211 antilrcn

111 4229 349 4299 Kunstferugkeit
367 4231 438 4286 alles
457 4228 581 4284 Weitere
600 4246 672 4298 ganz
725 4227 836 4283 Plastik
854 4244 920 4282 war.

112 4301 244 4369 bcquem,
268 4301 341 4358 ohne
365 4302 423 4357 eret
445 4299 491 4356 fflr
505 4300 586 4370 jedes
605 4299 671 4354 Ein-
762 4305 804 4354 22.
838 4299 992 4366 dedaobti,
1022 4297 1062 4352 du
1093 4298 1160 4352 hart
1186 4296 1286 4352 herab-

111 4371 189 4426 aelne
199 4370 276 4428 einer
288 4373 446 4429 besondern
457 4370 673 4441 Unterweisung
727 4368 877 4440 gedrdckt,
896 4367 1079 4425 beschrtnkt.

1029 4453 1090 4506 Vt*
