2856 4770
123 219 188 285 242
473 219 521 275 DE
542 219 715 277 ORATORE
734 219 760 274 II
780 226 822 288 11,
840 234 937 275 rs-u.

68 408 103 458 45
123 406 193 450 esse
217 384 409 450 revocanda.
444 383 496 448 Ex
514 384 561 450 eis
582 384 668 448 enim
687 383 850 467 fontibus,
869 383 955 449 unde
974 383 1083 449 omnia
1102 388 1326 450 ornamentar

123 473 249 539 dicendi
273 476 457 556 sumuntur,
480 472 594 538 licebit
612 473 710 538 etiam
729 472 952 538 laudationem
976 494 1091 539 ornare
1114 494 1217 557 neque
1236 472 1296 538 illa

122 563 282 628 elementa
301 562 497 645 desiderare,
522 584 604 647 quae
622 565 660 627 ut
677 584 772 628 nemo
791 561 909 644 tradat,
928 563 999 646 quis
1018 565 1068 626 est
1087 561 1141 647 qui
1159 562 1296 646 nesciat,

122 673 204 735 quae
229 651 352 717 sintin
375 651 508 717 homine
530 650 714 716 laudanda?
759 650 880 716 Positis
904 651 990 715 enim
1013 651 1059 714 eis
1082 650 1188 735 rebus,
1211 673 1325 735 quass

122 738 259 805 Crassus
282 740 317 804 in
340 741 427 805 illius
452 739 609 806 orationis
634 761 719 823 suae,
742 762 839 825 quam
859 742 973 805 contra
995 740 1154 824 collegam
1177 760 1322 805 censura

120 827 249 914 habuit,
271 828 431 914 principio
455 829 548 894 dixit:
578 828 702 905 ‘Quae
724 832 864 894 natura
888 831 953 894 aut
975 828 1134 894 fortuna
1157 828 1292 893 daren-

121 920 184 983 tur
216 918 452 1002 hominibus,
489 918 528 983 in
566 919 620 982 eis
657 918 772 982 rebus
806 938 845 982 se
877 917 983 983 vinci
1015 938 1130 1002 posse
1163 917 1321 983 animos

121 1028 241 1091 aequo
274 1008 370 1092 pati3
403 1028 498 1092 quae
527 1006 605 1091 ipsi
634 1006 713 1071 sibi
741 1006 915 1071 homines
947 1028 1086 1092 parare
1118 1008 1292 1091 possent,

121 1097 161 1160 in
198 1097 253 1161 eis
290 1097 405 1161 rebus
443 1117 481 1160 se
512 1096 597 1179 pati
618 1116 703 1162 anon
739 1116 855 1180 posse
888 1093 1016 1178 vinci',
1053 1095 1109 1180 qui
1144 1094 1293 1161 laudabit

66 1207 101 1257 46
122 1185 320 1270 quempiam,
348 1185 518 1268 intelleget
546 1183 735 1268 exponenda
763 1184 826 1249 sibi
854 1205 925 1249 esse
952 1184 1102 1250 fortunae
1125 1185 1225 1268 bona3
1254 1206 1293 1249 ea
1308 1209 1336 1250 ro

122 1277 198 1339 sunt
217 1275 357 1360 generis,
380 1273 549 1359 pecuniae,
572 1273 838 1359 propinquorum,
858 1273 1050 1357 amicorum,
1074 1294 1181 1358 opum,
1204 1272 1293 1338 vale-

119 1362 253 1448 tudinis,
270 1363 411 1446 formae,
428 1362 561 1443 virium,
579 1361 705 1449 ingenii
723 1365 756 1427 et
774 1367 955 1428 ceterarum
973 1384 1094 1446 rerum,
1113 1384 1196 1446 quas
1215 1365 1294 1427 sunt

120 1455 177 1517 aut
200 1451 345 1536 corporis
365 1454 422 1516 aut
445 1455 629 1537 extraneae3
654 1451 683 1516 si
705 1450 870 1535 habuerit,
894 1452 974 1516 bene
996 1451 1093 1517 rebus
1113 1450 1160 1516 eis
1183 1473 1336 1538 usum31s

120 1541 236 1606 sinon
259 1541 424 1625 habuerit,
447 1541 612 1625 sapienter
636 1541 793 1624 caruisse,
818 1541 846 1604 si
870 1541 1030 1624 amiserit,
1053 1539 1219 1606 moderate
1241 1543 1293 1605 tu·

119 1629 209 1713 lisse3
232 1629 359 1714 deinde,
382 1629 459 1713 quid
483 1631 646 1713 sapienter
669 1629 710 1713 is,
734 1650 830 1713 quem
853 1628 977 1713 laudet,
1001 1629 1078 1713 quid
1101 1628 1291 1709 liberaliter,
1306 1654 1334 1695 15

119 1718 197 1803 quid
215 1719 347 1785 fortiter
354 1769 362 1802 ,
386 1718 462 1803 quid
481 1720 579 1800 iuste,
603 1717 682 1802 quid
700 1717 887 1804 magnifice,
909 1718 987 1802 quid
1005 1718 1072 1803 pie,
1094 1717 1171 1804 quid
1190 1721 1293 1802 grate,

119 1807 198 1891 quid
220 1807 419 1892 humaniter,
450 1806 526 1892 quid
553 1806 691 1893 denique
719 1829 793 1872 curn
816 1807 927 1892 aliqua
949 1807 1070 1872 virtute
1098 1810 1156 1872 aut
1177 1806 1293 1871 fecerit
1307 1833 1334 1873 rr

119 1901 176 1960 aut
206 1896 325 1963 tulerit.
378 1895 467 1962 Haec
498 1899 531 1961 et
560 1918 643 1981 quaa
674 1899 749 1961 sunt
779 1896 848 1961 eius
880 1896 1008 1981 generis
1040 1896 1136 1961 facile
1158 1895 1293 1981 videbit,

119 1984 175 2069 qui
198 1986 286 2050 volet
307 1985 455 2069 laudare,
479 1988 512 2050 et
535 1986 589 2071 qui
613 1987 809 2070 vituperare,
833 1985 1007 2051 contraria.

61 2095 99 2145 47
209 2073 274 2140 Our
300 2074 403 2158 igitur
430 2074 571 2157 dubitas,
599 2074 706 2158 inquit
732 2071 909 2157 Caranus,
936 2074 1042 2139 facere
1069 2075 1132 2139 hoo
1159 2073 1294 2139 tertium

119 2182 237 2247 genus,
264 2164 419 2248 quoniam
446 2164 532 2228 inest
558 2163 594 2227 in
621 2160 747 2229 ratione
774 2164 906 2229 rerum?
950 2161 1027 2229 Non
1055 2164 1155 2247 enim,
1184 2163 1212 2229 si
1242 2169 1294 2229 est
1308 2189 1335 2229 rr

117 2251 260 2335 facilius,
283 2274 321 2318 eo
345 2252 383 2317 de
405 2274 539 2318 numero
564 2274 692 2338 quoque
715 2254 766 2317 est
788 2251 1032 2336 excerpeudum.
1307 2279 1335 2318 aa

155 2414 178 2463 1.
198 2413 372 2476 ornamenta,
387 2426 408 2463 s.
419 2408 445 2462 d.
456 2406 522 2464 krit.
538 2409 610 2462 Anh.
621 2407 676 2463 Oia.
730 2408 788 2462 Das
806 2425 888 2479 posse
911 2408 1025 2478 gehort',
1049 2408 1101 2464 wie
1126 2409 1175 2464 der
1197 2408 1292 2464 Nach-

117 2479 228 2535 sohriab
241 2479 405 2535 wohlunde
418 2479 513 2534 omnia
526 2479 564 2535 ad
578 2495 677 2534 ornan-
731 2481 791 2534 sata
819 2495 848 2534 se
876 2480 937 2549 pati
968 2496 1025 2534 non
1052 2495 1133 2550 posse
1165 2479 1293 2548 beweist,

116 2550 182 2607 dam
193 2551 349 2607 orationem
359 2552 513 2622 praecepta
522 2559 677 2608 sumuntur.
730 2552 802 2606 trotz
812 2551 864 2605 der
874 2551 1014 2606 seltneren
1024 2550 1162 2620 Stellung,
1175 2567 1209 2605 ru
1220 2549 1292 2620 pati.

152 2631 177 2677 4.
202 2624 303 2692 positis
329 2625 368 2679 eis
390 2624 477 2679 rabin.
516 2623 608 2678 Wenn
631 2622 676 2677 die
767 2628 808 2678 10.
823 2624 964 2692 intellcpet.
979 2622 1294 2692 Hinterquempiamist

116 2692 216 2748 hasart
237 2695 341 2764 richtig
364 2694 415 2763 ist,
440 2710 498 2749 war
522 2691 676 2764 allerdings
731 2691 876 2749 vielleicht
893 2693 1014 2762 primum
1028 2694 1211 2763 ausgefallen,
1226 2692 1293 2749 dem

116 2763 181 2819 sehr
203 2763 388 2833 aweifelhaft,
412 2765 485 2820 deun
508 2765 553 2821 dia
576 2766 677 2820 hasten
729 2763 1290 2835 naohfolgendendeindeentsprechend.

116 2834 236 2890 Hdschr.
255 2835 348 2890 haben
366 2836 470 2904 possit,
493 2836 601 2905 posscit
619 2837 676 2889 und
767 2841 809 2891 13.
832 2852 943 2906 corpus,
971 2834 1034 2890 hier
1060 2836 1134 2890 wohl
1161 2853 1292 2891 unserem

116 2906 218 2976 dergl.,
247 2923 278 2961 so
301 2907 339 2960 ist
361 2926 395 2961 zu
423 2908 601 2961 ilbersetzen:
629 2907 676 2961 bei
731 2906 987 2962 ‘Persbnlichlreit’
1013 2907 1106 2975 gleich
1128 2923 1161 2960 zu
1185 2911 1290 2978 setzen,

116 2977 373 3047 Zagrundelegung
402 2978 452 3032 der
480 2977 604 3044 Punkte‚
630 2978 675 3032 dia
729 2975 819 3032 sodall
838 2979 888 3032 der
902 2979 966 3033 Satz
980 2977 1032 3032 mit
1046 2993 1118 3047 quae
1137 2980 1204 3033 sunt
1217 2976 1289 3034 alles

116 3048 231 3104 Crassus
246 3079 278 3088 -
293 3050 421 3119 genannt
438 3048 496 3116 hat,
517 3049 599 3116 wird,
619 3063 676 3103 wer
729 3048 978 3119 Vorhergehonda,
1011 3048 1061 3103 das
1089 3049 1204 3118 speaiell
1234 3048 1289 3104 Ge·

117 3121 199 3174 einen
217 3118 302 3174 loben
320 3119 380 3174 will
398 3150 441 3174 -.
729 3121 834 3175 nannte
865 3120 923 3174 und
955 3120 1001 3175 die
1033 3120 1152 3189 fibrigen
1187 3120 1290 3191 nigen-

151 3198 176 3246 5.
200 3207 306 3260 ceasor,
329 3189 402 3246 Einl
421 3190 435 3245 I
454 3196 469 3257 ὅ
490 3195 532 3258 10,
551 3206 585 3246 cr.
615 3191 675 3258 for-
729 3191 858 3246 sohaften
875 3191 949 3246 teilt.

113 3267 199 3319 tuaac
226 3264 309 3331 bona,
333 3278 386 3332 aaa,
411 3261 496 3317 Arist.
519 3263 590 3317 rhet.
614 3266 675 3317 ab
766 3268 808 3318 15.
835 3263 933 3318 deinde
950 3293 987 3303 -
1011 3279 1068 3317 was
1092 3261 1138 3317 die
1162 3262 1290 3319 selbst-

116 3338 153 3403 (p.
179 3340 211 3389 16
236 3334 295 3404 Sp.)
324 3329 359 3388 τὰ
386 3328 467 3395 ἐκτὸς
494 3328 596 3403 ἀγαθά
624 3334 675 3414 (im
729 3334 952 3389 erw'orbenen
970 3334 1100 3402 Vorzdge
1118 3333 1235 3389 betrifft.

115 3405 272 3473 Gegensatz
286 3421 319 3458 au
333 3401 368 3459 τὰ
384 3401 417 3459 ἐν
431 3399 526 3478 αὐτῷ).
545 3407 674 3460 Anamm.
727 3458 729 3463 ,
765 3410 806 3460 17.
831 3406 896 3461 deal
912 3423 960 3475 ac,
984 3405 1034 3459 das
1053 3405 1290 3476 Voraufgehende

114 3475 185 3530 rhet.
205 3492 228 3531 c.
244 3480 278 3530 35
298 3479 335 3545 (p.
350 3481 402 3530 225
418 3476 475 3545 Sp.)
494 3472 528 3529 τὰ
548 3475 601 3545 μὲν
621 3473 673 3543 ἔξω
728 3423 1014 3544 zusammenitssend,
1027 3475 1113 3531 meist
1126 3493 1162 3532 an
1176 3477 1291 3532 aweiter

112 3540 675 3688 {dissilitstitvi⁷iaidtiiioiiiii
727 3547 848 3674 iiilli'u
861 3562 1145 3691 ildiatismdtiii
1162 3549 1288 3677 li¹²2i⁵¹³

113 3690 243 3757 πλοῦτον,
262 3685 297 3742 rot
313 3685 344 3744 ἐν
359 3683 432 3758 αὐτῇ
447 3691 481 3759 τῇ
496 3685 583 3759 ἀρετῇ
603 3686 673 3745 ὄντα
763 3660 806 3744 2’1.
830 3692 900 3745 inest
925 3637 1060 3745 arentin
1079 3690 1235 3762 Gegensatz
1254 3707 1288 3743 zu

114 3759 155 3823 εἰς
169 3762 274 3830 σοφίαν
288 3760 339 3815 καὶ
356 3755 542 3828 δικαιοσύνην
556 3760 605 3815 καὶ
623 3756 673 3816 ἄν·
727 3761 833 3816 facere:
861 3759 926 3815 weil
949 3778 978 3816 es
1003 3760 1076 3818 doch
1098 3781 1155 3817 nnn
1184 3758 1289 3816 einmal

113 3833 213 3900 dorlon
238 3832 287 3885 καὶ
317 3825 527 3901 ἐπιτηδεύματα
560 3829 672 3899 ἔνδοξα.
727 3826 782 3898 (ὅτι
795 3830 844 3901 δή)
866 3832 896 3885 in
914 3831 964 3887 der
977 3832 1066 3888 Reihe
1086 3835 1136 3888 der
1153 3831 1244 3899 Dinge
1259 3829 1289 3885 in

114 3903 150 3956 ad
165 3903 230 3957 Her.
244 3902 284 3957 111
299 3909 324 3970 6,
339 3918 365 3958 ro
383 3920 475 3957 rerum
495 3905 673 3958 externarum
726 3905 777 3957 der
799 3902 877 3958 Welt
895 3905 943 3975 (aa)
972 3903 1145 3969 vorkommt‚
1175 3901 1288 3956 ktnnen

114 3980 180 4028 sunt
198 3989 243 4042 ea,
263 3991 336 4042 quac
350 3989 417 4028 casu
435 3976 485 4029 aut
497 3974 611 4029 fortuna
631 3992 672 4029 se·
726 3974 778 4028 wir
792 3992 821 4028 es
837 3973 909 4028 auch
923 3974 1032 4045 fflglich
1051 3974 1080 4030 in
1100 3975 1149 4029 der
1167 3970 1288 4027 Reihen-

114 4045 207 4100 cunda
216 4046 266 4099 aut
280 4045 399 4100 adversa
408 4044 536 4100 accidere
545 4047 672 4116 possunt,
727 4045 804 4115 folge
833 4045 994 4115 aufathlen‚
1022 4045 1122 4102 ddrfcn
1150 4059 1179 4098 es
1206 4042 1288 4098 nicht

113 4119 146 4171 ut
159 4133 247 4187 genus
261 4110 423 4186 (sripturae),
443 4117 582 4184 educatio,
601 4115 672 4171 divi·
727 4115 845 4171 deshalb
881 4114 970 4173 ausser
998 4117 1137 4188 jeglioher
1169 4115 1287 4170 Berech-

113 4188 184 4256 tiae,
212 4188 380 4257 potestates,
407 4188 528 4258 gloriae,
563 4186 673 4253 civitas,
726 4204 804 4257 nnng
822 4187 922 4243 lassen.

114 4258 255 4314 amicitiae
279 4261 308 4313 et
331 4276 403 4329 quae
427 4259 590 4315 huiusmodi
608 4262 674 4314 sunt
762 4260 836 4315 ratio
862 4276 953 4314 reram
981 4257 1034 4314 wie
1062 4273 1088 4314 sa
1107 4283 1141 4305 ει
1160 4275 1218 4313 ras:
1241 4258 1287 4313 die

113 4331 143 4385 et
161 4346 196 4385 ea
214 4346 286 4398 quae
305 4330 348 4386 his
367 4332 433 4387 sunt
452 4330 600 4387 contraria.
727 4330 922 4385 Verhtltnisse
936 4349 963 4387 n.
982 4329 1044 4385 ihre
1058 4329 1157 4400 Natur,
1172 4331 1228 4400 vgl.
1240 4346 1287 4386 ace.

148 4406 169 4455 7,
195 4403 274 4456 cinci
286 4418 371 4470 posse
389 4403 483 4460 animo
501 4419 586 4473 aequo
600 4404 672 4473 pati.
763 4407 806 4458 22.
826 4417 863 4458 eo.
884 4405 941 4457 Ans
955 4398 1086 4458 demabl
1101 4401 1180 4458 insta
1195 4402 1288 4459 hier-
