2856 4770
473 221 522 274 DE
544 219 714 277 ORATORE
733 220 760 274 ΙΙ
779 226 823 288 84,
841 235 889 277 eea.
909 235 956 275 ere.
1235 219 1301 284 369

98 384 311 452 linornatem
343 387 400 449 aut
432 384 619 449 scribuntur
651 382 692 447 ad
722 382 893 448 funebrem
926 382 1123 463 contionem,
1151 404 1234 466 quae
1262 383 1302 448 ad

124 473 282 541 orationis
312 473 441 538 laudem
464 472 598 537 minime
621 471 865 537 accommodata
888 475 947 535 ost.
992 468 1054 535 Sed
1077 474 1200 555 tamen,
1224 493 1301 555 quo-

124 563 216 628 niam
240 566 290 628 est
312 562 467 626 utendum
493 560 677 645 aliquando,
695 582 941 645 nonnumquam
966 559 1064 624 etiam
1089 559 1303 644 scribendum,

97 652 215 717 *velut
243 650 280 727 Q.
304 650 469 716 Tuberoni
495 650 686 714 Africanum
716 647 1087 713 avunculum'laudanti
1115 648 1245 732 scripsit
1268 646 1303 714 (l.

96 739 267 823 sLaclius,
284 741 337 805 vel
360 742 397 804 ut
418 741 548 804 nosmet
569 739 634 822 ipsi
657 737 796 803 ornandi
818 759 918 803 eausa
936 736 1134 802 Graecorum
1158 759 1256 821 more,
1275 738 1304 802 si

125 850 207 914 quos
231 828 382 911 velimus,
403 827 536 893 laudare
561 827 741 911 possimus,
763 825 808 890 sit
831 848 849 890 a
872 825 968 891 nobis
992 847 1119 911 quoque
1142 829 1303 892 tractatus

125 917 179 983 hio
202 917 303 982 locus.

97 1022 111 1063 ⁸
214 1004 424 1089 Perspicuum
449 1007 500 1068 est
522 1003 624 1089 igitur
653 1003 718 1068 alia
740 1024 811 1068 esse
838 1003 872 1068 in
899 1002 1032 1067 homine
1060 1003 1216 1086 optanda,
1240 1003 1374 1069 4114444

123 1093 294 1159 laudanda.
341 1092 459 1176 Genus,
482 1092 598 1176 forma,
621 1091 717 1170 vires,
740 1113 834 1176 opes,
858 1091 990 1156 divitiae
1015 1095 1199 1176 ceteraque,
1222 1115 1305 1176 quae

82 1201 110 1241 ro
123 1181 256 1248 fortuna
279 1183 335 1246 det
359 1185 416 1246 aut
439 1181 638 1246 extrinsecus
662 1183 720 1245 eut
742 1180 879 1264 corpori,
902 1200 968 1244 non
991 1180 1114 1245 habent
1136 1181 1171 1244 in
1195 1202 1229 1245 se
1252 1204 1304 1247 ve·

83 1291 109 1330 11
123 1291 195 1335 rem
217 1271 356 1351 laudem,
375 1291 458 1354 quae
482 1269 592 1335 deberi
610 1269 722 1333 virtuti
746 1269 803 1333 uni
824 1272 973 1353 putatum
997 1269 1054 1333 scd
1076 1272 1196 1352 tamen,
1217 1270 1305 1354 quod

84 1379 111 1419 ia
125 1359 199 1444 ipse
221 1360 325 1425 virtus
348 1360 383 1423 in
407 1380 518 1424 earum
542 1379 649 1422 rerum
673 1380 734 1422 usu
757 1379 795 1422 ac
822 1357 1043 1422 moderatione
1072 1357 1211 1422 maxime
1238 1380 1304 1424 cer·

123 1448 226 1531 nitur,
249 1447 421 1527 tractanda
443 1447 480 1511 in
502 1446 747 1512 laudationibus
771 1447 870 1510 etiam
897 1445 978 1511 haee
1007 1449 1083 1511 sunt
1110 1453 1243 1512 naturae
1271 1451 1305 1513 et

83 1556 112 1596 14
125 1536 275 1602 fortunae
296 1538 399 1623 bone3
421 1535 593 1620 inquibus
613 1540 663 1599 est
686 1556 815 1599 summa
838 1535 922 1599 laus:
946 1556 1014 1600 non
1038 1535 1192 1599 extulisse
1217 1557 1250 1600 se
1268 1536 1305 1600 in

123 1628 296 1709 potestate,
318 1647 385 1690 non
408 1624 510 1689 fuisse
528 1622 724 1689 insolentem
747 1623 782 1687 in
804 1623 951 1708 pecunia,
968 1644 1036 1687 non
1054 1645 1088 1687 se
1111 1625 1304 1708 praetulisse

125 1712 197 1779 aliis
229 1717 364 1799 propter
396 1713 630 1799 abundantiam
661 1712 822 1795 fortunae,
854 1715 893 1776 ut
921 1733 998 1795 opes
1031 1715 1064 1776 et
1094 1712 1205 1796 copiae
1237 1734 1304 1778 non

125 1802 295 1886 superbiae
326 1802 498 1867 videantur
530 1823 568 1866 ac
600 1800 741 1886 libidini,
768 1801 825 1865 sed
858 1800 998 1866 bonitati
1026 1804 1060 1865 et
1088 1801 1304 1867 moderationi

83 1906 111 1950 1⁸
123 1890 314 1956 facultatem
337 1894 372 1955 et
394 1891 565 1956 materiam
585 1889 720 1955 dedisse.
750 1889 866 1955 Virtus
886 1893 1005 1972 autem,
1023 1911 1106 1973 quae
1125 1893 1175 1954 est
1191 1913 1250 1974 per
1269 1912 1303 1956 se
1322 1901 1374 1952 343

120 1979 198 2063 vipse
220 1979 395 2045 laudabilis
420 1984 453 2045 et
477 1980 547 2045 sine
571 2001 636 2063 qua
657 1978 742 2043 nihil
767 1978 894 2043 laudari
922 1981 1044 2063 potest,
1066 1982 1178 2043 tamen
1205 1978 1306 2045 habet
1381 1996 1384 2007 ·

84 2088 112 2128 ao
123 2068 237 2153 plures
255 2071 374 2152 partes,
388 2090 526 2153 quarum
545 2068 610 2132 alia
629 2070 680 2131 cst
699 2067 765 2131 alia
783 2066 824 2131 ad
842 2067 1064 2132 laudationem
1082 2067 1198 2152 aptior.
1223 2066 1307 2134 Sunt

125 2156 213 2221 enim
246 2157 329 2222 aliae
361 2157 513 2239 virtutes,
541 2177 623 2240 quae
650 2155 802 2221 videntur
827 2155 864 2220 in
896 2156 1041 2221 moribus
1071 2156 1241 2222 hominum
1272 2160 1305 2222 et

127 2245 267 2330 quadam
300 2245 455 2311 comitate
488 2267 526 2310 ao
562 2245 776 2310 beneficentia
807 2244 950 2330 positec3
986 2244 1082 2328 eliae,
1114 2246 1149 2308 in
1182 2244 1305 2330 ingenii

125 2471 227 2527 faseen.
254 2471 362 2527 Danaus
376 2473 459 2528 leitet
473 2472 534 2528 sich
548 2472 622 2526 donn
636 2469 686 2525 der
740 2485 870 2525 anserem
888 2469 988 2539 Leibe,
1012 2486 1141 2526 anserem
1162 2470 1305 2529 ‘busseren

123 2541 233 2612 Begriff
261 2544 444 2599 testimouium
480 2543 510 2597 in
541 2543 684 2598 weiterem
742 2541 908 2596 Menschen'
930 2583 935 2595 .
957 2585 963 2596 .
982 2541 1112 2596 verleiht.

125 2612 211 2668 Sinna
238 2612 303 2682 her,
331 2614 436 2670 einmal
463 2612 492 2668 in
518 2615 612 2681 Bezng
639 2612 689 2667 auf
778 2617 820 2667 11.
852 2613 952 2667 uirtuti
982 2613 1048 2681 uui,
1074 2612 1149 2668 Part.
1178 2629 1217 2668 or.
1236 2629 1262 2670 11
1276 2614 1305 2670 ff.

125 2683 266 2738 Personen
285 2709 319 2730 =
342 2684 514 2753 „lobende
547 2683 687 2738 11441411-
741 2683 835 2738 omnia
850 2682 1136 2752 enimsuntprofeoto
1150 2682 1303 2754 laudanda,

125 2755 240 2822 1111413ιι
272 2752 372 2823 irgend
405 2757 481 2810 eines
517 2754 687 2809 berfihmten
741 2770 813 2823 qnae
829 2752 980 2808 coniuncta
995 2770 1057 2809 oum
1073 2754 1178 2810 virtute
1193 2759 1258 2811 sunt
1275 2759 1305 2812 et

125 2824 246 2894 Burgers
259 2826 342 2880 unter
357 2825 551 2896 Bezugnahme
570 2825 622 2880 auf
633 2826 687 2880 den
741 2840 814 2893 quae
833 2841 897 2878 cum
915 2823 993 2880 vitiis
1012 2826 1206 2894 vituperanda.

125 2895 327 2964 vorliegenden
341 2897 530 2968 Gegenstand‚
545 2896 686 2965 „ehrende
779 2901 821 2951 12.
835 2912 890 2951 αοα
899 2913 933 2952 ao
946 2897 1138 2964 moderatione,
1148 2898 1177 2952 in
1188 2898 1238 2952 der
1248 2899 1305 2952 An·

126 2965 368 3022 Charakterietilr“
381 2969 457 3022 eines
472 2967 625 3038 allgemein
639 2983 687 3038 ge·
742 2968 882 3037 wendung
896 2966 955 3021 und
970 2967 1074 3022 weisen
1088 2967 1304 3040 Beherrachung

124 3037 259 3093 aohteten
278 3038 346 3094 oder
371 3040 539 3094 beruhmten
556 3038 687 3108 Burgers,
741 3040 803 3108 (der
821 3036 1031 3107 Gliicksgdter).

124 3110 201 3164 daun
219 3108 287 3165 aber
306 3110 379 3164 auch
399 3111 449 3164 auf
466 3109 575 3165 Saohen
590 3136 624 3156 =
637 3109 687 3164 lo·
778 3115 819 3163 14.
839 3111 969 3177 fortunae
988 3109 1060 3164 bono
1077 3108 1090 3162 1
1109 3123 1142 3164 ro.
1162 3109 1222 3165 441.

124 3179 233 3234 bande
280 3179 564 3236 Charakteristik
610 3182 688 3235 einer
780 3184 822 3234 18.
847 3177 1304 3246 Virtue,Arist,Rhet.19aa-

124 3248 258 3305 Handlun
279 3250 387 3318 sweise,
397 3251 473 3306 eines
481 3252 601 3307 Votums
612 3252 687 3306 einer
741 3247 791 3304 λὸα
810 3247 863 3320 μὲν
882 3241 934 3305 οὖν
954 3245 1030 3304 ἐστὶν
1053 3243 1068 3303 ὃ
1092 3245 1130 3304 du
1153 3246 1193 3305 δι’
1213 3247 1303 3306 αὐτὸ

124 3319 207 3390 Thau,
225 3340 247 3375 4.
288 3338 365 3377 ,4114
387 3321 437 3376 der
455 3323 570 3378 Voraeit
587 3341 613 3377 11.
629 3322 686 3391 dgl.
742 3317 856 3390 αρετὸα
885 3316 919 3375 dv
947 3315 1098 3375 ἐπαινετὸν
1125 3313 1157 3391 ᾖ,
1180 3315 1198 3388 ἢ
1223 3315 1238 3375 ὃ
1268 3315 1304 3375 dv

161 3397 187 3446 1.
215 3393 253 3447 ad
280 3394 415 3448 orationis
440 3394 562 3462 laudem,
584 3393 630 3448 die
654 3411 687 3447 411
742 3388 858 3462 ἀγαθὸν
873 3385 976 3461 3αὴδὺ
991 3382 1010 3462 ἦ
1025 3387 1067 3445 ὅτι
1082 3387 1210 3460 ἀγαθόν·
1231 3390 1304 3448 εἰδὲ

124 3461 179 3516 den
203 3463 443 3518 auszeiohnenden
466 3463 687 3535 Eigensohalten
742 3459 825 3519 τοῦτό
851 3457 909 3518 ἔστι
933 3458 965 3517 τὸ
989 3460 1092 3530 καλόν,
1116 3458 1229 3533 ἀνάγκη
1252 3459 1305 3550 τὴν

125 3532 193 3588 oder
207 3533 262 3587 den
274 3532 501 3590 Erfordernissen
516 3536 565 3590 der
579 3535 686 3604 eigent-
743 3529 872 3604 ἀρετὴν
895 3530 983 3588 καλὸν
1003 3530 1090 3588 εἶναι·
1114 3528 1232 3604 ἀγαθὸν
1250 3555 1305 3605 γαρ

124 3601 220 3658 lichen
233 3604 311 3658 Rode
326 3605 398 3660 doch
413 3622 463 3675 gar
477 3606 557 3661 nicht
569 3605 686 3660 stimmt.
744 3601 777 3660 dv
797 3601 948 3660 ἐπαινετόν
968 3599 1053 3660 ἔστιν.
1082 3603 1149 3659 Sall.
1168 3602 1228 3660 dau.
1250 3613 1273 3674 1,
1292 3623 1306 3662 4

160 3679 186 3730 4.
214 3675 344 3730 laudanti
361 3707 394 3717 -
418 3675 467 3732 bei
490 3675 599 3747 Scipion
623 3676 686 3730 Lei·
742 3692 809 3731 nam
834 3674 997 3730 divitiarum
1026 3678 1055 3730 et
1076 3675 1184 3730 formae
1214 3676 1306 3746 gloria

125 3745 362 3815 chunbegbngnis.
743 3748 819 3801 fluxa
832 3750 916 3814 atque
930 3744 1041 3814 fragilis
1056 3748 1108 3815 est,
1123 3747 1213 3802 virtus
1228 3746 1306 3801 clara

161 3819 185 3870 ὅ.
196 3817 237 3872 uel
246 3822 284 3885 ut,
292 3816 342 3870 das
353 3817 437 3872 dritta
442 3818 531 3874 Motiv
542 3818 686 3888 (quoniam
744 3821 913 3884 aeternaque
932 3817 1060 3872 habetur.

124 3886 261 3942 utendum
284 3903 343 3942 war
366 3887 416 3942 das
439 3892 527 3956 erate,
551 3906 687 3945 nonnum·
779 3893 822 3943 20.
838 3893 942 3957 partes,
957 3887 1041 3942 Arist.
1053 3887 1136 3942 Rhet.
1149 3886 1218 3942 ibid.
1234 3885 1305 3956 μέρη

125 3975 210 4027 quam
230 3957 317 4013 etiam
336 3974 387 4011 scr.
407 3957 457 4012 das
476 3959 594 4030 zweite).
743 3953 1305 4028 δὲἄρετῆςδιααιοσύαη,ἆαδρία,σωφρο-

161 4036 186 4086 8.
203 4030 302 4100 ipitwr,
319 4015 470 4098 llbergang
488 4048 535 4083 zur
553 4029 687 4086 tractatio
745 4026 824 4099 τύνη,
843 4027 1081 4098 μεγαλοπρέπεια,
1100 4031 1306 4099 μεγαλοψυχία,

125 4100 175 4155 dee
194 4117 282 4169 genus
302 4097 562 4154 demonstrativum.
746 4097 954 4169 ἐλευθεριότης,
990 4099 1127 4169 πραότης,
1160 4099 1305 4169 φρόνησις,

162 4172 220 4226 atio
239 4171 364 4239 optanda
382 4171 442 4250 ulio
461 4172 615 4237 laudanda,
633 4172 686 4227 Ge·
741 4173 838 4240 σοφία,
858 4167 969 4258 ἀνάγκη
990 4169 1022 4226 dt
1042 4173 1206 4241 μεγίστας
1230 4169 1306 4225 εἶναι

146 4243 241 4296 ansata
274 4239 324 4295 des
356 4240 458 4295 relatuv
485 4242 544 4295 und
577 4242 688 4297 absolut
742 4238 868 4310 ἀρετὰς
888 4239 1305 4311 ταςτοῖςᾶλλοιςγρηοε-

125 4258 226 4367 datan.
743 4310 911 4382 μωτάτας,
931 4313 1012 4381 εἴπερ
1028 4309 1102 4367 ἐστὶν
1121 4307 1237 4381 ἡάρετὶ
1255 4308 1305 4366 dd·

162 4389 205 4440 10.
225 4384 333 4452 corpori
350 4381 489 4452 Vorziige,
509 4380 555 4436 die
570 4424 576 4439 .
593 4424 599 4437 .
614 4423 621 4438 .
636 4401 688 4437 nur
742 4402 825 4451 ααμις
845 4378 1017 4453 εὐεργετιαή.
