2856 4770
472 195 520 250 DE
541 193 713 251 oahroaa
732 195 758 249 11
778 200 802 263 ὅ,
822 145 917 250 razu.
1211 193 1275 257 231

82 361 205 446 1biles,
234 360 321 425 haud
353 359 450 425 sciam
481 381 523 424 an
552 358 643 423 nulla
675 358 719 422 sit
745 357 865 440 maior,
891 379 1004 442 quam,
1031 360 1068 423 ut
1090 357 1140 422 illi
1163 359 1278 441 solent,

109 469 311 536 quocumque
333 449 368 512 in
390 449 476 531 loco,
504 467 722 533 quoscumque
745 446 831 511 inter
853 446 1001 511 homines
1024 447 1129 512 risum
1153 451 1216 530 est,
1239 446 1277 510 de

108 539 205 604 rebus
221 542 277 603 eut
291 537 491 603 difficillimis
511 541 652 601 autnon
670 535 860 600 necessariis
879 535 1086 620 argutissime
1105 535 1277 621 disputare.

108 627 182 693 Hoc
210 649 270 692 nos
302 627 341 691 ab
372 626 444 691 istis
479 623 738 692 adulescentibus
768 624 874 688 faeere
907 624 1001 689 inviti
1031 626 1064 689 et
1093 627 1279 690 recusantes

109 717 180 782 heri
204 715 309 781 coacti
332 737 452 780 sumus.

83 825 95 865 s
200 803 282 868 'lum
306 801 481 869 Caranus:
504 800 554 866 Ne
579 800 693 866 Graeci
716 801 854 887 quidem,
881 801 995 886 inquit,
1019 799 1144 886 Crasse,
1167 803 1221 888 qui
1244 802 1279 866 in
1298 807 1316 862 ὅ
1336 811 1369 861 19

111 893 298 960 civitatibus
318 893 383 957 suis
403 892 483 957 clari
503 894 535 954 et
554 891 664 976 magni
681 890 821 974 fuerunt,
839 890 934 955 sicuti
953 894 989 955 tu
1008 911 1053 975 es,
1070 911 1193 976 nosque
1213 912 1279 956 om-

84 1002 168 1049 snes
191 983 227 1047 in
248 985 362 1046 nostra
384 1001 418 1044 re
441 979 572 1067 publica
589 980 736 1046 volumus
757 1000 838 1058 esse,
862 979 978 1044 horum
996 978 1202 1063 Graecorum,
1225 980 1281 1065 qui

112 1093 146 1139 se
168 1069 336 1136 inculcant
358 1068 490 1134 auribus
512 1069 645 1151 nostris,
672 1068 794 1133 similes
817 1067 963 1151 fuerunt,
986 1090 1045 1134 neo
1068 1068 1103 1133 in
1126 1069 1193 1134 otio
1217 1090 1280 1133 ser-

112 1182 224 1226 mones
242 1158 426 1224 huiusmodi
444 1157 745 1243 disputationesque
767 1156 948 1243 fugiebant.
980 1156 1029 1222 Ao
1047 1157 1075 1223 si
1093 1157 1154 1222 tibi
1172 1157 1281 1223 viden·
1301 1172 1335 1221 20

112 1253 176 1332 tur,
199 1250 254 1332 qui
271 1247 435 1331 temporis,
458 1248 513 1330 qui
531 1246 603 1331 loci,
627 1246 682 1332 qui
700 1245 868 1312 hominum
888 1246 1049 1311 rationem
1067 1268 1133 1311 non
1150 1247 1282 1331 habent,

114 1337 226 1421 inepti,
255 1337 338 1401 siout
368 1336 485 1401 debent
513 1335 631 1419 videri,
659 1356 739 1399 num
769 1335 902 1399 tandem
933 1338 989 1399 aut
1018 1336 1108 1401 locus
1138 1335 1283 1400 hicnon

74 1445 100 1486 rs
114 1426 248 1492 idoneus
271 1424 407 1508 videtur,
434 1424 555 1508 inquo
579 1423 722 1507 porticus
752 1423 832 1488 haec
858 1423 945 1510 ipsa,
971 1425 1143 1514 ubi0nunc
1174 1425 1284 1489 ambu-

74 1535 100 1574 ιι
113 1516 228 1599 lamus,
246 1517 280 1578 et
298 1513 464 1598 palaestra
482 1519 515 1577 et
532 1515 583 1577 tot
600 1513 680 1578 locis
701 1513 860 1578 sessiones
879 1513 1123 1598 gymnasiorum
1138 1517 1171 1578 et
1185 1510 1284 1578 Graa-

114 1626 225 1670 corum
243 1602 501 1687 disputationum
519 1602 710 1666 memoriam
725 1601 962 1685 quodammodo
981 1601 1208 1667 commovent?
1228 1605 1286 1667 eut

113 1715 192 1758 num
219 1692 442 1776 importunum
469 1695 598 1774 tempus
625 1692 660 1754 in
687 1695 778 1755 tanto
807 1691 889 1773 otio,
917 1690 1004 1776 quod
1031 1695 1065 1755 et
1091 1713 1165 1756 raro
1189 1691 1286 1755 datur

115 1785 149 1846 et
177 1802 263 1845 nunc
294 1782 466 1864 peroptato
496 1779 591 1844 nobis
627 1780 738 1844 datum
774 1778 845 1844 est?
882 1783 939 1844 aut
972 1779 1121 1844 homines
1152 1780 1193 1844 ab
1223 1780 1286 1844 hoc

118 1889 234 1954 genere
259 1868 490 1953 disputationis
514 1868 627 1952 alieni,
655 1868 710 1952 qui
737 1890 850 1933 ornnes
874 1868 904 1932 ei
928 1890 1053 1954 sumus,
1079 1873 1118 1934 ut
1140 1869 1211 1934 sine
1234 1868 1286 1933 his

79 1975 104 2015 1⁹
119 1956 235 2023 studiis
256 1957 359 2022 vitam
381 1958 506 2022 nullam
529 1979 599 2022 esse
622 1956 798 2022 ducamus?

208 2044 325 2110 Omnia
343 2046 416 2131 ista,
434 2047 541 2131 inquit
553 2044 718 2128 Caassus,
738 2066 798 2131 ego
817 2045 882 2110 elio
901 2046 997 2112 modo
1012 2046 1217 2133 interpretor,
1231 2047 1286 2130 qui
1306 2059 1338 2108 21

78 2154 103 2194 al
117 2130 259 2220 primum
273 2134 472 2219 palaestram
488 2139 520 2199 et
533 2135 678 2219 porticus
693 2135 792 2200 etiarn
806 2134 905 2219 ipsos,
915 2133 1039 2219 Catule,
1050 2134 1191 2201 Graecos
1202 2156 1288 2201 exer-

118 2224 284 2290 citationis
308 2226 341 2288 et
364 2223 587 2290 delectationis
612 2245 722 2306 causa,
747 2225 826 2304 [non
849 2224 1102 2311 disputationis]
1126 2225 1289 2290 invenisse

119 2313 266 2378 arbitror.
311 2311 398 2378 Nam
421 2316 454 2378 et
476 2313 614 2378 saeculis
637 2312 750 2378 multis
769 2315 845 2376 ante
865 2313 1035 2398 gymnasia
1052 2313 1185 2379 inventa
1204 2317 1290 2399 sunt,

156 2475 181 2524 1.
192 2470 269 2524 baad
284 2470 370 2524 sciam
387 2467 439 2524 wie
458 2485 483 2525 aa
495 2487 521 2524 a.
536 2485 588 2537 2⁰⁹3
602 2469 615 2522 Ι
629 2483 677 2525 eos.
733 2471 790 2524 ster
804 2471 854 2523 der
866 2469 1089 2525 severachteten
1096 2470 1293 2526 Griachenauf

155 2541 311 2606 illisolent,
334 2541 346 2592 I
366 2555 405 2594 ros
414 2539 443 2594 ff.
733 2540 824 2594 seiner
842 2539 919 2595 Villa
941 2541 1020 2596 hatte
1047 2540 1167 2612 anlagen
1188 2542 1290 2610 laasen,

158 2615 182 2663 6.
203 2609 404 2664 Catuluetritt
429 2610 474 2664 fiir
497 2611 575 2665 seina
600 2610 679 2667 Grie·
732 2610 798 2667 Ios.
883 2649 890 2664 .

124 2679 195 2732 chen
218 2681 265 2748 (or)
290 2680 332 2733 als
349 2679 528 2748 Verteidiger
549 2683 610 2748 auf3
634 2682 679 2736 die
771 2687 812 2736 14.
838 2682 967 2737 assuesce
987 2682 1060 2737 Sitze
1085 2683 1115 2737 in
1134 2682 1210 2738 einer
1228 2683 1292 2738 Dis-

124 2746 231 2820 grollan
254 2749 446 2818 griechischen
470 2749 681 2808 Staatsmtnner
733 2753 917 2823 patierhalle3
936 2753 977 2807 Ill
991 2769 1016 2807 rr
1031 2752 1094 2808 sind
1109 2753 1149 2809 sie
1168 2755 1198 2809 in
1216 2755 1293 2811 einer

124 2821 174 2874 der
187 2819 417 2890 Vergangenheit
431 2837 525 2876 waren
543 2823 616 2877 doeh
634 2841 681 2879 an·
736 2826 838 2880 exedra
855 2843 888 2879 zu
907 2825 1024 2880 deuhen.

124 2893 189 2947 dere
212 2891 311 2959 Lente,
337 2892 379 2945 als
406 2891 450 2947 die
474 2891 611 2949 Griechen
633 2895 683 2951 der
770 2897 983 2966 pymnasiorum.
1026 2896 1066 2950 Zu
1094 2896 1159 2950 dem
1189 2896 1292 2967 griech.

124 2961 292 3033 Gaganwart
309 2963 368 3017 und
385 2962 491 3018 liebten
511 2965 583 3021 doch
601 2967 682 3036 auch,
736 2965 834 3021 Worte
844 2967 946 3022 bedarf
958 2984 987 3022 es
999 2968 1048 3022 des
1058 2967 1198 3022 Attributs
1209 2966 1294 3024 Grae-

124 3051 205 3089 wenn
233 3051 263 3088 es
293 3035 339 3088 die
367 3035 607 3105 Staatsgeschsfte
634 3055 682 3108 ge·
739 3053 835 3092 corum
858 3038 888 3091 in
911 3038 1016 3093 diesem
1034 3039 1294 3112 Zusammenhange

125 3106 682 3176 statteten,dergleichenfreiarewissen·
735 3107 823 3176 nicht,
840 3107 916 3163 wohl
930 3109 997 3164 aber
1011 3128 1044 3162 zu
1060 3108 1294 3180 disputationum,

125 3175 291 3231 schaftliohe
312 3177 570 3248 Unterhaltungeu,
593 3177 682 3234 sodall
736 3178 802 3234 dem
830 3195 858 3233 es
885 3179 939 3233 mit
961 3180 1130 3235 Nachdruck
1157 3197 1295 3252 vorange-

125 3248 185 3301 sich
199 3246 259 3302 also
275 3246 388 3302 Crassus
406 3249 485 3303 nicht
503 3267 536 3303 zu
551 3250 683 3305 schamen
736 3250 853 3321 gestellt
870 3250 916 3305 ist.

125 3317 252 3373 braucht.
288 3335 322 3374 aa
340 3350 375 3358 -
393 3321 502 3388 quidem
523 3321 576 3374 wie
596 3320 683 3375 bfters
774 3326 816 3375 19.
841 3323 927 3377 vitam
953 3323 1060 3377 sullam
1083 3324 1145 3393 βίον
1164 3319 1295 3396 tilitates.

127 3391 194 3457 (aa),
227 3390 299 3443 auch
326 3390 414 3444 nicht.
461 3391 514 3445 Die
542 3390 683 3446 subtilitas
737 3390 814 3446 Laal.
834 3406 860 3446 aa
879 3391 929 3461 qui
946 3395 1040 3463 potest
1063 3410 1123 3449 esse
1147 3395 1208 3450 vita
1225 3396 1296 3450 vita·

128 3461 175 3525 (aa)
194 3458 243 3512 der
261 3460 384 3528 Spraehe
404 3461 453 3515 des
474 3459 590 3515 Catulus
609 3462 685 3531 aeigt
738 3462 783 3531 lis,
802 3465 835 3516 ut
853 3462 895 3518 ait
914 3464 1029 3520 Ennius.

129 3528 189 3581 sich
207 3529 300 3598 gleich
313 3531 344 3585 in
358 3531 412 3587 den
426 3532 561 3588 betonteu
576 3532 685 3603 Gegen-
774 3539 817 3588 21.
838 3536 963 3604 primum
981 3566 1014 3576 ——
1035 3535 1150 3592 Crassus
1173 3535 1299 3592 schlielit

129 3599 237 3654 shtzen:
256 3601 354 3668 qui-
368 3603 482 3659 fuerunt
499 3604 557 3658 und
576 3604 685 3672 horum,
740 3604 800 3660 sieh
823 3623 860 3660 an
887 3606 932 3661 die
955 3606 1141 3679 Reihenfolga
1165 3609 1215 3663 der
1238 3609 1298 3664 drei

127 3670 158 3724 in
182 3668 343 3727 civitatibus
371 3674 428 3728 suis
456 3675 513 3728 und
536 3674 567 3729 in
589 3677 686 3730 nostra
739 3677 986 3745 Punlrtean3dem
994 3679 1298 3749 primumfolgtotium

128 3741 283 3811 republica,
302 3759 331 3796 es
349 3745 406 3799 und
423 3747 553 3800 volumus
573 3762 640 3801 esse.
741 3750 836 3802 autem
845 3763 901 3803 eeu.
909 3764 935 3804 25
945 3750 1019 3818 quod
1028 3749 1164 3805 addidisti
1172 3752 1296 3806 tertium.

151 3812 686 3894 ⁸8.borumderhautigen,moderner3
779 3816 874 3874 Catule
900 3820 939 3873 ist
966 3820 1135 3876 absichtlioh
1161 3822 1298 3877 awischen

130 3884 176 3938 dre
195 3883 332 3940 Griecheu
357 3884 422 3939 ‘von
440 3887 546 3955 heate',
570 3887 616 3943 die
634 3888 688 3943 mit
741 3889 819 3958 ipsos
832 3889 890 3943 und
905 3890 1027 3946 Graecos
1042 3894 1159 3962 gesetzt,
1177 3911 1226 3947 um
1245 3894 1299 3948 den

130 3954 220 4010 ihrem
254 3955 297 4011 oft
327 3956 516 4013 lacherlichen
547 3960 687 4015 Wissens·
741 3960 929 4031 begeisterten
951 3961 1126 4018 Hellenisten
1155 3964 1243 4020 daran
1265 3982 1299 4018 zu

130 4026 201 4082 stola
225 4027 284 4081 und
306 4025 382 4082 ihrer
405 4028 616 4099 audringlichen
634 4030 686 4086 Ge·
741 4031 883 4100 ennnern,
907 4030 965 4087 dall
987 4050 1017 4088 er
1041 4033 1101 4088 sich
1124 4052 1181 4090 von
1204 4037 1298 4090 seinen

130 4096 345 4178 schuttziglreit
370 4097 434 4153 dem
452 4103 578 4170 arnsten,
602 4101 686 4172 prak·
741 4101 880 4158 Grieehen
902 4103 975 4159 doeh
1002 4105 1082 4159 nicht
1109 4106 1184 4161 allau
1206 4106 1298 4162 ideale

130 4168 685 4243 trachenRtmerallerdingssehr‘inept’
740 4171 961 4244 Vorstellangen
979 4176 1085 4231 macha.

131 4240 293 4296 ersoheinen
311 4238 436 4296 meliten.
776 4247 993 4314 scantationes,
1015 4247 1076 4301 also
1103 4247 1300 4319 ursprr‘inglich

153 4313 688 4389 ,13.porticos,palaestra,sessioaes,
741 4333 774 4369 zu
806 4315 870 4370 dem
902 4316 961 4372 rein
989 4317 1173 4387 pralrtischon
1200 4318 1306 4373 Zueok

132 4377 178 4433 dre
191 4379 249 4436 also
264 4382 335 4438 doch
345 4383 458 4440 Crassus
468 4385 542 4440 nach
551 4383 615 4439 dem
625 4384 687 4439 Mu·
740 4402 796 4441 ron
813 4386 1065 4458 Leibesubungen.
