2856 4770
175 203 243 269 374
491 204 541 259 DE
561 205 734 261 ORATOth
753 206 779 260 Π
798 212 841 276 87,
860 223 908 263 soe.
928 214 970 277 88,
989 225 1037 266 sse.

105 383 157 436 666
176 367 276 452 plecti
302 368 356 432 vix
385 388 567 453 possemus,
594 367 750 434 intuendo
782 371 877 453 quasi
907 373 1099 437 teneremus.
1146 371 1208 436 His
1242 376 1380 439 autemr

175 457 289 522 formis
318 459 414 540 atque
441 456 642 541 corporibus,
670 456 755 522 sicut
784 458 950 544 omnibus,
980 481 1061 543 quae
1093 461 1153 526 sub
1185 465 1352 544 aspectum

175 547 320 630 veniunt,
340 545 546 626 [admonetur
564 546 722 611 memoria
738 549 851 611 nostra
866 550 963 632 atque
982 549 1150 615 excitatur.
1174 547 1237 614 Sed
1256 550 1351 632 locis]

176 635 251 698 sede
275 655 356 717 opus
385 637 448 716 est3
475 633 595 698 etenim
622 655 738 719 corpus
766 635 913 720 intellegi
942 636 1011 701 sine
1039 637 1110 703 loco
1140 660 1207 703 non
1232 643 1382 723 potestr

176 721 281 798 Quare
308 743 350 787 ne
377 722 411 786 in
437 743 473 785 66
499 724 579 787 nota
607 726 640 787 et
665 723 857 807 pervulgata
885 725 1006 789 multus
1038 732 1072 790 et
1102 727 1245 792 insolens
1278 728 1378 806 sim,5

175 811 255 875 locis
278 814 328 874 est
350 809 507 875 utendum
529 811 651 892 multis,
673 811 866 897 illustribus,
891 813 1072 896 explicatis,
1093 815 1229 881 modicis
1252 816 1381 880 inter-c

175 899 283 983 vallis3
311 898 511 985 imaginibus
539 903 647 964 autern
676 900 861 984 agentibus,
888 902 1032 986 aeribus,
1059 903 1240 989 insignitis,
1269 925 1381 988 quaer

176 1008 344 1053 occurrere
368 987 579 1071 celeriterque
597 991 765 1072 percutere
789 989 933 1054 animuin
951 991 1089 1074 possint.
1126 992 1231 1069 Quam
1251 992 1382 1058 facul-s

177 1079 279 1141 tatem
311 1080 344 1141 et
376 1076 564 1142 exercitatio
597 1075 700 1161 dabit,
730 1098 769 1141 ex
801 1098 865 1161 qua
898 1081 1097 1145 consuetudo
1130 1081 1290 1166 gignitur,
1321 1085 1382 1146 ete

176 1165 332 1230 similium
356 1165 528 1230 verborum
551 1162 707 1230 c'dnversa
729 1168 763 1230 et
784 1166 959 1231 immutata
978 1168 1107 1233 casibus
1127 1173 1184 1234 aut
1201 1169 1355 1235 traducta

177 1274 216 1318 ex
238 1257 331 1338 parte
354 1253 394 1317 ad
418 1273 520 1338 genus
543 1254 670 1318 notatio
695 1254 844 1319 etunius
868 1255 959 1320 verbi
986 1257 1130 1340 imagine
1158 1258 1260 1324 totius
1284 1280 1355 1324 sen·

176 1343 299 1406 tentiae
322 1341 510 1406 informatio
539 1343 674 1425 pictoris
703 1343 868 1407 cuiusdam
897 1345 1015 1409 summi
1042 1346 1168 1410 ratione
1197 1351 1229 1411 et
1256 1347 1354 1413 modo
1370 1369 1395 1408 rs

71 1435 108 1493 88
116 1440 168 1491 359
178 1431 356 1496 formarum
374 1431 532 1495 varietate
550 1431 641 1496 locos
656 1430 896 1515 distinguentis.
920 1429 982 1496 Sed
996 1435 1168 1499 verborum
1188 1436 1355 1522 memoria,

177 1540 260 1603 quae
282 1519 391 1583 minus
414 1522 464 1583 est
490 1519 584 1583 nobis
611 1519 807 1604 necessaria,
835 1521 957 1586 maiore
987 1521 1168 1607 imaginum
1195 1525 1354 1590 varietate

176 1608 394 1694 distinguitur.
431 1606 536 1672 Multa
559 1608 646 1673 enim
669 1611 746 1673 sunt
768 1608 877 1689 verba,
902 1631 984 1693 quae
1008 1612 1102 1696 quasi
1125 1612 1254 1676 articuli
1278 1635 1354 1678 con·
1369 1633 1395 1673 ro

213 1892 237 1941 1.
256 1888 389 1943 intuendo
408 1919 440 1928 -
461 1889 545 1942 unter
568 1887 632 1940 dem
652 1886 736 1942 sicht-
792 1889 821 1942 et
839 1887 1004 1957 imaginum.
1022 1889 1088 1960 Vgl.
1106 1904 1133 1946 56
1156 1891 1229 1947 hanc
1253 1891 1352 1947 simili·

175 1958 263 2012 baren
280 1956 386 2027 Trager
405 1960 479 2028 (dem
499 1956 576 2026 Bild)
594 1957 665 2012 wird
687 1957 738 2012 der
791 1959 926 2015 tudinem.

174 2028 353 2083 unsichtbare
377 2029 511 2084 Godanke
538 2028 736 2098 festgehalten.
827 2035 852 2084 9.
871 2036 896 2086 ct
909 2030 1043 2086 similium
1056 2033 1198 2088 uerborum
1212 2033 1265 2087 etc.
1278 2033 1352 2088 —in

210 2100 267 2154 His
293 2105 384 2155 autem
410 2101 509 2168 formis
534 2105 615 2169 arque
643 2116 737 2169 corpo·
790 2100 952 2171 Beaiehung
975 2101 1027 2158 auf
1046 2101 1093 2157 die
1115 2102 1353 2159 Wortbilder

174 2171 272 2238 ribus,
310 2169 355 2225 die
393 2171 553 2225 sichtbaren
589 2171 736 2227 Gestulten
791 2173 824 2241 (s.
849 2171 908 2228 ind.
932 2172 1106 2242 Mnemonilr)
1134 2175 1172 2228 ist
1199 2173 1354 2229 fdrderlioh

174 2240 293 2365 giilder)
320 2242 378 2296 und
401 2240 554 2296 leihlichen
577 2241 736 2297 sinnlichen
790 2242 835 2296 die
864 2243 1042 2313 Etymologie
1071 2243 1284 2314 (Wortbildung
1312 2245 1354 2298 im

200 2328 315 2439 l{girda
333 2382 379 2437 ein
401 2379 577 2437 bestimmter
600 2382 680 2437 Platz
695 2383 735 2437 im
789 2313 1353 2465 2231?anesrgpgffngpffiscsaggugugffirffl

174 2451 275 2508 Reum.
789 2453 912 2519 elicitur,
933 2469 1018 2522 quam
1043 2452 1143 2508 Graecr
1167 2451 1353 2524 ἐτνμολογίαν

211 2541 309 2595 corpus
319 2555 353 2564 -
363 2523 433 2580 61166
446 2540 504 2578 was
519 2521 734 2578 leihlicherNa·
788 2523 891 2576 vocant
908 2522 940 2576 id
958 2527 1002 2577 est
1015 2525 1132 2579 verbum
1152 2540 1186 2577 ex
1199 2525 1300 2593 verbo,
1316 2557 1352 2569 -

174 2598 221 2649 tur
239 2596 286 2650 ist.
789 2593 923 2660 dadurch,
942 2591 999 2648 dall
1018 2611 1083 2648 man
1102 2593 1233 2648 thuliche
1252 2595 1352 2652 Worte

211 2668 417 2732 5.multus,1r.
787 2664 878 2720 bildet
921 2664 1009 2719 durch
1045 2665 1252 2734 Umwandlung
1292 2669 1352 2722 und

210 2744 235 2792 6.
258 2737 416 2806 explicatis,
439 2735 623 2806 geschieden,
648 2737 734 2806 61636-
788 2734 1350 2806 BeugungderEndsilbenssleklination)

175 2808 297 2876 sondert,
311 2805 369 2862 dall
388 2806 435 2861 die
453 2807 510 2862 loci
527 2808 584 2861 und
603 2807 632 2861 in
646 2807 734 2875 l'clge
789 2806 865 2874 oder,
879 2803 938 2862 dall
952 2825 1018 2862 man
1032 2805 1092 2862 ihre
1106 2806 1274 2876 Bedeutung
1293 2824 1349 2863 von

174 2879 274 2933 dessen
292 2878 365 2932 auch
384 2876 430 2933 die
450 2877 588 2946 imagines
607 2877 687 2932 nicht
704 2877 734 2932 in
789 2877 1349 2948 (16666661666611663666611166161131

174 2949 309 3004 einander
326 2949 421 3006 fallen.
788 2947 845 3002 und
870 2948 958 3003 durch
982 2949 1032 3003 das
1051 2949 1116 3002 Bild
1141 2951 1217 3005 eines
1237 2950 1349 3006 Wortes

209 3022 324 3075 modicis
352 3020 513 3075 interuallis.
546 3019 583 3072 ad
610 3019 674 3072 Her.
693 3017 734 3070 ΙΠ
788 3018 870 3073 einen
897 3036 1005 3087 genuen
1032 3019 1186 3074 Gedunlren
1218 3020 1350 3074 darstellt

173 3105 200 3146 66
231 3090 382 3146 intervella
418 3091 543 3145 locorum
580 3087 734 3143 mediocria
788 3089 970 3157 (vermittelst
988 3091 1037 3145 des
1057 3090 1265 3159 symbolischen
1278 3093 1349 3146 Aus-

174 3162 269 3231 placet
294 3178 367 3230 esse,
390 3162 448 3217 fere
473 3159 571 3230 paullo
596 3159 660 3230 plus
685 3162 735 3214 aut
788 3159 897 3215 druclrs.
935 3161 1004 3230 Top.
1024 3175 1050 3217 66
1075 3163 1173 3230 ltaque
1197 3164 1250 3216 hoc
1274 3161 1350 3216 idem

174 3234 265 3289 minus
291 3233 394 3304 pedum
419 3232 533 3287 trinum.
558 3261 592 3272 -
615 3228 734 3286 modicis
787 3229 954 3285 Aristoteles
970 3231 1111 3303 σύμβολον
1126 3232 1350 3302 appellat,quod

173 3303 331 3359 intervallis
343 3303 382 3359 ist
399 3300 539 3358 ebenfalls
552 3299 681 3357 Attribut
700 3319 734 3356 zu
787 3299 876 3356 latine
890 3303 934 3356 est
947 3305 1022 3371 nota,
1038 3303 1134 3358 woher
1146 3304 1267 3372 notatio,
1282 3304 1350 3372 quia

173 3375 244 3430 loeis
268 3377 326 3429 und
349 3375 426 3430 steht
447 3375 512 3428 dem
535 3372 645 3441 multis,
667 3372 733 3427 illu·
788 3374 854 3427 sunt
872 3373 959 3426 verba
976 3389 1069 3427 rerum
1088 3374 1192 3441 notae).

173 3447 286 3513 stritus,
305 3444 451 3514 explicatis
470 3443 647 3499 coordiniert.
824 3448 866 3497 12.
877 3445 995 3512 pictoris
1009 3447 1071 3512 eto,
1082 3443 1135 3498 wie
1150 3443 1195 3498 ein
1205 3444 1350 3512 trichtiger

210 3521 234 3571 7.
245 3518 398 3588 apartibus,
406 3515 562 3584 decoriari,
568 3514 637 3583 sig:
646 3515 733 3568 etwas
786 3512 885 3581 Maler,
901 3514 950 3569 der
965 3516 1016 3568 anf
1027 3514 1123 3569 seinen
1133 3514 1289 3569 Gemtlden
1302 3513 1349 3567 die

173 3584 735 3657 666666166666666666ᾱ(666166616-
789 3582 972 3654 Perspektire
995 3586 1054 3639 und
1076 3584 1228 3640 Distanzen
1251 3582 1348 3652 (locos,

172 3657 252 3727 roll),
271 3658 308 3713 ad
325 3657 391 3714 Her.
410 3656 449 3710 lII
471 3672 497 3712 6(
519 3655 545 3709 si
567 3671 624 3710 non
641 3656 735 3710 mutes
789 3654 835 3709 die
862 3655 1150 3726 Raumrerhtltnisse)
1181 3655 1270 3709 durch
1302 3654 1349 3710 (116

172 3746 224 3785 nec
242 3747 340 3800 vagas,
354 3730 404 3784 sed
417 3725 527 3796 aliquid
541 3732 650 3796 opertos
665 3726 734 3780 ima·
788 3726 986 3781 verschiedene
1018 3724 1113 3782 Grdlle
1149 3724 1206 3779 und
1238 3725 1348 3795 Anlage

172 3800 254 3871 gines
264 3818 408 3871 ponemus.
422 3799 545 3853 Bruterr
555 3813 648 3852 acrem
658 3797 734 3851 enim
788 3796 838 3851 der
863 3796 986 3866 Fignren
1012 3797 1160 3852 henntlich
1184 3795 1294 3862 macht,
1317 3813 1348 3851 66

173 3875 327 3940 oratorem,
346 3871 490 3925 incensum
513 3869 542 3922 61
565 3874 686 3938 aperilem
705 3869 735 3922 61
788 3866 843 3923 6611
856 3865 917 3921 sich
932 3868 981 3922 der
994 3867 1104 3921 Reduer
1118 3866 1207 3920 durch
1227 3866 1273 3920 die
1287 3883 1348 3922 ver·

173 3958 307 3998 canorum
326 3944 474 3997 concursus
499 3939 644 3993 hominum
667 3938 733 3994 fori·
788 3938 922 3993 schieden
964 3936 1132 4006 gestulteten
1174 3936 1349 3992 Wortbilder

172 4029 227 4080 que
246 4013 379 4082 strepitus
398 4011 548 4066 desiderat.
789 4008 836 4079 (W
838 4010 913 4063 drter
930 4007 1212 4077 desselbenEtymon)
1233 4008 1279 4062 die
1299 4009 1347 4063 da·

209 4085 332 4150 acribus,
356 4082 452 4137 scheri
474 4080 658 4151 ausgeprugt,
681 4079 735 4133 mit
787 4096 839 4134 ran
866 4078 1023 4147 geknupfte
1050 4079 1271 4146 Gedankenlage
1303 4080 1349 4133 fiir

173 4155 303 4210 soharien
320 4155 473 4210 Umrissen.
788 4149 847 4204 sein
867 4148 1037 4204 Geditchtnis
1055 4146 1275 4204 kennaeichnen.

171 4232 362 4353 l

209 4373 233 4423 8.
258 4336 340 4439 priam
361 4368 521 4435 facultatem
547 4382 584 4420 sc.
606 4362 733 4418 locorum
786 4333 970 4430 griffswdrter
993 4360 1068 4430 sind,
1091 4359 1137 4414 die
1159 4359 1346 4431 Konjunktio·
