2856 4770
423 232 472 288 DE
491 231 663 287 ORATORE
683 232 771 301 1142,
791 247 838 287 rer.
866 236 911 300 43,
930 247 977 286 rea.
1220 229 1285 295 299

86 402 182 463 1tum
205 397 371 461 hominem
393 396 625 479 praeteribam‚
653 398 782 461 tantum
810 397 921 477 potest
948 395 982 458 in
1010 391 1159 476 dicendo,
1186 396 1224 457 ut
1247 393 1287 456 ad

113 485 306 553 vincendum
325 484 416 549 nulla
435 486 508 569 plus
528 485 647 570 possit3
669 484 725 549 sed
745 487 854 547 tamen
874 482 956 546 mihi
973 481 1094 547 videris
1115 484 1189 546 ente
1209 484 1288 545 tem·

113 597 173 661 pus
195 597 214 639 a
233 596 285 638 me
308 573 470 638 rationem
490 574 613 639 ordinis
633 576 666 637 et
684 571 959 656 disponendarum
978 593 1085 636 rerum
1104 569 1288 654 requisisse.

86 664 200 730 4Nam
224 663 251 727 ei
276 683 336 746 ego
360 684 491 727 omnem
514 663 580 727 vim
604 662 741 726 oratoris
764 662 799 725 in
822 661 1022 745 argumentis
1046 663 1080 724 et
1102 660 1136 723 in
1158 680 1193 723 re
1216 659 1288 741 ipse
1308 674 1357 723 181

114 774 172 838 per
196 773 229 816 se
253 751 495 835 comprobanda
523 751 719 835 posuissem,
747 752 875 832 tempus
905 753 991 814 esset
1018 750 1084 813 iam
1115 748 1153 811 de
1178 747 1289 813 ordine

87 842 382 927 sargumento'rum
407 844 439 903 et
463 839 502 903 de
526 840 739 904 collocatione
763 837 888 923 aliquid
908 838 1025 920 dicere3
1051 838 1106 902 sed
1130 859 1203 901 cum
1227 837 1290 900 tria

88 930 181 995 rsint
205 952 224 992 a
247 951 298 992 me
321 929 505 1012 proposita,
528 928 566 991 de
590 950 655 992 uno
680 927 815 1009 dictum,
843 948 916 991 cum
945 927 982 990 de
1007 927 1132 991 duobus
1157 924 1289 1009 reliquis

88 1019 239 1103 edixero,
268 1021 340 1081 tum
368 1017 431 1080 erit
459 1016 596 1100 denique
625 1016 663 1079 dc
692 1015 894 1100 disponenda
921 1019 992 1080 tota
1020 1017 1167 1080 oratione
1195 1035 1290 1098 quae·

112 1107 256 1172 rendum.

72 1215 99 1255 ιο
202 1193 301 1258 Valet
325 1193 427 1276 igitur
450 1194 589 1257 multum
614 1194 654 1257 ad
677 1193 871 1258 vincendum
893 1192 1025 1275 probari
1053 1213 1159 1256 mores
1184 1195 1217 1256 et
1240 1191 1288 1255 in·
1299 1196 1395 1252 48182

74 1305 99 1342 11
116 1285 233 1348 stituta
257 1286 289 1346 et
314 1281 400 1346 facta
424 1285 457 1347 et
478 1283 581 1347 vitam
605 1303 734 1361 eorum,
759 1281 815 1365 qui
839 1285 938 1366 agent
960 1302 1090 1362 causas,
1114 1286 1147 1344 et
1171 1301 1292 1364 eorum,

112 1394 172 1456 pro
192 1370 320 1456 quibue,
340 1374 373 1435 et
390 1372 470 1435 item
484 1371 664 1453 improbari
680 1370 951 1454 adversariorum,
971 1370 1162 1454 animosque
1181 1391 1291 1434 eorum

114 1461 199 1545 apud
223 1481 305 1544 quos
329 1463 457 1543 agetur,
486 1459 654 1524 conciliari
678 1482 775 1544 quam
803 1461 942 1523 maxime
967 1459 1005 1522 ad
1031 1458 1292 1523 benevolentiam

114 1571 186 1614 cum
207 1569 285 1632 erga
304 1552 467 1612 oratorem
481 1552 553 1612 turn
568 1570 646 1633 erga
664 1548 767 1632 illum,
790 1570 849 1632 pro
870 1570 933 1632 quo
953 1547 1038 1611 dicet
1057 1550 1177 1611 orator.
1209 1544 1291 1612 Con-

114 1638 266 1702 ciliantur
295 1639 412 1701 autem·
429 1638 529 1701 animi
559 1637 719 1722 dignitate
743 1637 899 1716 hominis,
923 1637 1019 1701 rebus
1044 1636 1160 1721 gestie,
1184 1635 1292 1699 existi·

74 1746 99 1784 16
115 1727 257 1791 matione
289 1726 389 1809 vitae3
422 1747 503 1810 quae
533 1725 660 1790 facilius
699 1728 808 1790 ornari
838 1730 989 1810 possunt,
1022 1726 1050 1788 si
1079 1724 1174 1789 modo
1209 1726 1295 1807 eunt,

115 1837 213 1899 quam
236 1814 325 1898 fingi,
349 1815 377 1877 si
400 1814 491 1878 nulla
511 1817 595 1879 sunt.
634 1813 696 1879 Sed
716 1814 798 1879 haec
818 1814 975 1879 adiuvant
994 1812 1028 1877 in
1048 1816 1192 1878 oratore:
1216 1811 1293 1877 leni·

76 1921 102 1961 re
116 1907 168 1968 tas
189 1904 276 1967 vocis
297 1908 325 1966 et
342 1904 465 1981 vultus,
485 1903 632 1986 [pudoris
653 1903 861 1988 significatio,
884 1904 1057 1968 verborum
1077 1903 1242 1986 comites];
1266 1900 1293 1964 si

117 1992 193 2076 quid
222 1988 416 2075 persequare
445 1993 564 2074 acrius,
591 1995 629 2056 ut
656 1991 778 2056 invitus
807 1997 840 2055 et
867 1997 999 2057 coactus
1027 1991 1133 2056 facere
1156 1991 1294 2055 videare.

115 2079 316 2163 Facilitatis,
344 2079 567 2164 liberalitatis,
596 2081 871 2164 mansuetudinis,
899 2081 1046 2164 pietatis,
1074 2081 1160 2164 grati
1184 2079 1294 2162 animi,

114 2191 181 2233 non
205 2169 405 2253 appetentis,
435 2189 501 2232 non
530 2169 617 2234 avidi
647 2169 740 2253 signa
762 2169 907 2253 proferre
935 2168 1074 2252 perutile
1102 2170 1165 2253 est3
1193 2188 1293 2250 enque

115 2341 195 2396 nicht
212 2340 319 2396 kanuto
339 2342 407 2398 oder
426 2342 479 2411 (ale
497 2343 583 2398 homo
598 2342 677 2412 igno·
731 2345 863 2430 aglpevoi
882 2364 941 2406 πως
962 2338 1146 2412 τυγχάνωσιν.
1185 2337 1215 2395 τὸ
1240 2339 1293 2410 μὲν

116 2415 171 2482 tue)
184 2413 257 2467 auch
271 2412 352 2468 nicht
365 2432 399 2467 zu
409 2414 522 2468 kennen
533 2415 677 2471 brauchte.
732 2433 784 2469 ονν
803 2411 888 2469 ποιόν
907 2435 971 2469 τινα
986 2417 1146 2483 φαίνεσθαι
1163 2408 1222 2467 τὸν
1241 2410 1293 2466 λέ-

153 2489 176 2538 1.
205 2485 243 2539 ad
265 2485 442 2554 vincendum,
464 2484 527 2539 hier
549 2484 602 2539 mit
625 2484 677 2539 Be·
732 2505 841 2555 νοντα
864 2483 1071 2556 χρησιμώτερον
1096 2484 1136 2546 εἰς
1159 2481 1210 2545 τὰς
1228 2501 1294 2552 cvp-

116 2555 239 2624 niehung
262 2555 313 2609 auf
335 2556 388 2610 den
408 2555 475 2625 Sieg
497 2556 536 2610 im
558 2555 677 2624 Felde,
734 2555 837 2628 βουλάς
853 2554 938 2624 ἐστιν,
957 2553 989 2609 τὸ
1004 2553 1036 2609 δὲ
1053 2555 1223 2608 διοικεῖσθαί
1234 2571 1294 2615 ποις

116 2626 166 2678 der
191 2626 264 2678 auch
287 2625 329 2678 oft
353 2627 520 2680 wesentlich
547 2643 602 2679 von
629 2627 679 2679 der
732 2622 792 2679 τὸν
812 2622 991 2694 ἀκροατὴν
1007 2623 1047 2686 εἰς
1060 2621 1112 2686 τοὶς
1126 2627 1216 2686 δίκας.
1243 2622 1293 2677 Als

117 2694 248 2764 Stellung
262 2695 320 2748 und
334 2696 507 2766 Ancrdnung
519 2696 568 2750 dcr
578 2695 678 2750 Streit·
734 2697 891 2751 Vartrauen
909 2695 1074 2751 erweclrend
1092 2695 1138 2748 fiir
1152 2695 1206 2750 don
1220 2694 1293 2748 Red-

115 2765 209 2820 krtfte
229 2766 364 2835 abhangt.
731 2782 781 2820 ner
808 2765 887 2821 fuhrt
914 2769 989 2822 dann
1016 2767 1133 2822 Aristot.
1161 2767 1207 2821 die
1233 2766 1293 2820 drei

152 2843 177 2892 4.
196 2838 229 2890 ι’νο
245 2853 275 2891 νο
293 2838 432 2904 ι’ρεοοῒο.,
451 2853 531 2890 wenn
551 2835 612 2889 sich
631 2835 676 2890 die
732 2837 836 2894 Striclre
865 2854 914 2892 an:
943 2835 1092 2909 φρόνησις,
1119 2833 1207 2906 ἀρετή
1235 2837 1293 2891 und

116 2910 245 2978 gesamte
272 2907 440 2976 Thtltigkcit
472 2906 522 2961 des
550 2905 676 2962 Redncrs
733 2903 841 2964 εὔνοια.

117 2980 195 3033 darie
212 2977 386 3047 erschtpfte,
402 2979 448 3032 dic
463 2977 552 3032 Saohe
567 2978 678 3033 einfach
763 2982 882 3050 probari
908 2980 938 3034 in
966 2979 1012 3034 ein
1039 2979 1185 3049 gfinetigee
1210 2978 1294 3033 Licht

115 3051 162 3104 fiir
181 3049 240 3103 sich
260 3068 293 3102 zu
312 3049 460 3117 beweimn,
480 3048 541 3104 sich
555 3050 616 3104 also
631 3048 681 3104 euf
733 3048 851 3121 gestellt
869 3051 988 3106 werden.

118 3120 168 3176 das
187 3121 307 3191 probare
325 3119 413 3174 allein
432 3121 628 3175 beeohrtnlrte.
770 3139 856 3177 mores
889 3125 918 3178 et
949 3123 1079 3177 instituta
1112 3121 1204 3176 Sitten
1235 3120 1293 3175 und

154 3198 178 3246 6.
201 3193 235 3246 de
254 3193 442 3258 collocatione,
462 3190 523 3246 hier
541 3190 629 3246 absol.
645 3216 679 3237 =
734 3193 916 3248 Grunds'etze.

118 3262 280 3343 dispositi03
299 3263 357 3331 vgl.
376 3263 421 3318 Or.
441 3264 513 3331 part.
532 3263 597 3333 effi,
616 3281 637 3317 s.
653 3279 679 3319 a.
770 3269 812 3319 11.
832 3270 857 3319 et
870 3266 947 3332 facto
961 3269 986 3318 et
999 3265 1096 3330 eitum,
1116 3263 1181 3317 Tae.
1197 3261 1292 3330 Agrio.

117 3331 190 3386 Eml.
209 3331 236 3384 ΙΙ
254 3339 268 3398 5
288 3337 313 3400 5,
332 3333 414 3389 Anm.
435 3338 478 3390 30.
735 3341 749 3388 1
764 3336 903 3390 clarorum
919 3335 1041 3390 virorum
1056 3334 1133 3390 facta
1146 3347 1292 3401 moresque

152 3404 223 3468 tria,
242 3418 288 3458 ιιι.
309 3419 355 3458 ree.
732 3407 854 3475 posteris
872 3407 992 3462 tradere.
1021 3405 1080 3458 Auf
1095 3421 1183 3461 mores
1200 3424 1227 3459 u.
1246 3406 1291 3458 ν’νι-

155 3479 178 3528 7.
198 3474 230 3528 de
248 3491 304 3528 ννιο
322 3475 426 3530 dictum
440 3476 499 3530 scil.
513 3477 562 3542 sit,
581 3475 610 3529 in
621 3476 678 3529 Ab·
731 3479 830 3532 stituta
848 3477 962 3532 bezieht
980 3476 1041 3532 sich
1058 3477 1183 3532 nachher
1201 3474 1292 3544 digni-

117 3543 284 3613 hangigkeit
306 3562 458 3600 roncum:
487 3547 524 3600 da
547 3545 594 3600 ich
618 3547 678 3601 drei
732 3550 792 3604 tate
802 3548 932 3617 hominis,
947 3548 998 3604 auf
1007 3549 1085 3616 saeta
1098 3548 1182 3602 rebus
1197 3547 1290 3616 gestis,

117 3613 229 3669 Punkte
244 3615 285 3669 als
304 3615 394 3671 meine
410 3617 538 3686 Aufgabe
553 3618 678 3672 bczeioh·
732 3620 784 3674 auf
798 3622 883 3675 ollam
903 3620 1111 3675 existimatione
1130 3619 1215 3674 vitae.

116 3688 166 3740 net
183 3684 242 3740 und
257 3688 315 3740 erst
328 3704 383 3742 von
397 3689 488 3743 einem
503 3690 677 3759 gesprachen
768 3695 810 3745 16.
829 3693 947 3748 simodo
961 3698 1070 3747 eunt-
1080 3705 1161 3744 wenn
1180 3687 1221 3743 eie
1240 3705 1293 3740 nur

116 3757 198 3812 habe.
730 3762 892 3832 iiberhaupt
901 3761 1031 3818 wirklich
1040 3760 1204 3816 vorhanden
1219 3757 1290 3825 sind,

152 3835 176 3883 8.
196 3834 255 3883 tum
273 3829 401 3898 denique,
421 3845 468 3885 146.
729 3847 782 3898 ιοος
802 3832 815 3885 Ι
834 3848 881 3888 τοι.
920 3834 1056 3902 Dagegcn
1074 3833 1086 3884 Ι
1104 3846 1144 3886 νιν
1164 3829 1290 3883 simodo

154 3900 529 3968 10.aduieeeuuum,14e
556 3901 672 3957 Aristot.
728 3902 804 3958 tradi
818 3905 927 3960 ratione
942 3905 1041 3973 possit.
1070 3902 1184 3956 Schultz
1199 3906 1214 3966 ς
1229 3905 1290 3955 357.

115 3971 197 4025 Rhet.
217 3971 265 4024 12
293 3966 364 4025 oillei
390 3967 492 4039 σχεδὸν
518 3969 556 4034 ὡς
582 3971 673 4028 εἰπεῖν
726 3973 807 4030 Anm.

115 4041 292 4111 κυριωτάτην
318 4040 375 4112 ἔχει
401 4043 494 4096 πίστιν
519 4039 550 4098 τό
578 4037 672 4111 ἦθος.
767 4050 807 4100 18.
823 4050 848 4100 et
857 4047 949 4101 cultus
959 4044 1164 4099 aderitum.
1183 4041 1291 4096 Piderit

115 4113 141 4166 II
158 4109 259 4168 lnclri
279 4109 333 4184 γὰρ
349 4111 482 4181 διαφέρει
496 4111 568 4183 πρὸς
581 4117 674 4169 πίστιν
730 4117 847 4182 meinte,
873 4134 922 4172 vor
948 4114 1043 4170 vultus
1067 4115 1108 4168 sei
1136 4113 1183 4168 ein
1208 4113 1291 4166 Wort

117 4215 150 4224 -
173 4182 205 4238 τὸ
234 4183 318 4238 ποιόν
346 4205 410 4239 τινα
439 4187 597 4252 φαίνεσθαι
624 4183 675 4241 τὸν
730 4187 914 4256 ausgefallen‚
928 4188 982 4241 wie
996 4188 1129 4256 (licuitne,
1149 4184 1194 4239 Or.
1205 4197 1239 4237 56.
1255 4197 1289 4237 οο.

116 4253 236 4323 λέγοντα
259 4256 308 4310 καὶ
331 4251 363 4311 τὸ
388 4251 459 4324 πρὸς
482 4251 588 4319 αὐτοὺς
607 4253 676 4311 ὖτο-
730 4257 846 4313 Arislot.
866 4258 949 4312 Rhet.
964 4256 1020 4311 116
1040 4255 1113 4310 ὅθεν
1133 4254 1181 4309 καὶ
1199 4249 1217 4322 ἡ
1236 4271 1290 4307 ποι-

116 4320 271 4396 λοιμβάνειν
300 4327 359 4387 πῶς
388 4330 553 4382 διακεῖσθαι
577 4323 676 4397 αὐτὸν,
731 4330 827 4399 ροιμιόι
851 4324 882 4382 τὸ
913 4325 944 4383 ἐν
969 4324 1177 4396 ὀφθαλμοῖς
1199 4321 1299 4376 eleut

116 4392 186 4465 πρὸς
204 4393 236 4450 (ll
251 4395 362 4460 τούτοις
381 4393 595 4453 idololatrium
614 4400 676 4459 διοι-
732 4398 830 4456 αἰδῶ.

1052 4478 1111 4531 Q*
