2856 4770
478 240 528 295 DE
548 240 719 298 ORATORE
737 241 763 296 11
782 247 825 312 23,
843 258 878 306 aa.
896 257 931 299 es.
1227 242 1293 307 263

92 418 104 456 ¹
118 404 233 470 rustici
251 405 358 470 solent
377 403 482 470 dicere
496 404 530 469 in
545 424 672 471 summa
685 407 844 488 ubertate,
861 404 948 470 inest
965 405 1107 471 luxuries
1127 406 1295 490 quaedam,

92 505 202 578 2quae
226 492 304 558 stilo
327 492 529 577 depascenda
552 496 610 558 est.

208 580 273 646 Hic
302 579 506 665 Sunrrcms,
527 582 582 646 Me
612 581 755 666 quidem,
784 581 905 665 inquit,
934 585 1021 647 recte
1045 602 1169 661 mones,
1198 581 1298 667 idque
1313 598 1346 648 97

91 669 202 735 4mihi
224 673 353 755 gratum
376 672 439 754 est3
467 668 523 735 sed
545 692 587 735 ne
611 674 643 734 te
667 669 811 754 quidem,
838 668 980 754 Antoni,
1007 670 1146 735 multum
1169 671 1296 755 scripti-

118 762 207 825 tasse
230 757 379 824 arbitror.

206 846 289 911 Tum
312 847 395 931 ille,
427 844 528 921 Quasi
559 867 646 931 vcro,
675 845 791 931 inquit,
820 867 886 912 non
916 868 954 912 ea
983 847 1183 931 praecipiam
1213 847 1297 931 aliis,

93 946 105 985 ⁷
120 957 202 1020 quae
225 934 307 1000 mihi
329 935 394 1020 ipsi
412 934 527 1000 desint.
570 933 632 1000 sed
650 936 761 1000 tamen
779 956 821 999 ne
839 936 969 1000 tabulas
988 935 1118 1025 quidem
1138 936 1297 1002 conficere

92 1024 302 1089 ⁸existimor:
324 1045 439 1088 verum
462 1026 495 1088 et
516 1021 553 1088 in
574 1024 638 1089 hoc
662 1045 702 1088 ex
729 1044 765 1088 rc
787 1022 942 1089 familiari
965 1045 1040 1090 mea
1063 1029 1095 1091 et
1117 1026 1152 1089 in
1174 1025 1234 1089 illo
1258 1046 1298 1088 ex

119 1133 168 1191 eo,
191 1112 277 1196 quod
301 1112 382 1195 dico,
405 1112 598 1196 quantulum
620 1110 654 1177 id
678 1133 814 1196 cumque
838 1115 897 1196 est,
921 1112 997 1197 quid
1019 1113 1139 1179 faciem
1160 1112 1297 1178 iudicari

118 1205 236 1285 potest.
278 1201 387 1285 Atque
411 1221 482 1266 esse
505 1203 616 1265 tamen
638 1201 758 1265 multos
782 1201 938 1284 videmus,
961 1201 1018 1284 qui
1040 1202 1202 1266 neminem
1225 1201 1297 1266 imi-
1315 1215 1349 1266 98

119 1293 230 1354 tentur
253 1291 286 1354 et
308 1292 424 1372 suapte
446 1291 573 1372 natura,
596 1288 683 1373 quod
705 1290 817 1373 velint,
839 1289 909 1353 sine
933 1291 1122 1374 cuiusquam
1146 1289 1260 1355 similit
1283 1328 1297 1340 -

120 1377 195 1443 dine
218 1381 472 1463 consequantur3
496 1377 583 1462 quod
605 1381 639 1442 et
660 1378 696 1442 in
718 1379 811 1443 vobis
831 1375 1047 1443 animadverti
1069 1384 1155 1444 recte
1179 1381 1298 1464 potest,

120 1463 240 1532 Gaesar
263 1469 296 1531 et
315 1464 419 1549 Cotta,
443 1487 580 1549 quorum
605 1466 687 1532 alter
714 1466 908 1531 inusitatum
930 1467 1051 1532 nostris
1075 1467 1205 1551 quidem
1228 1488 1298 1532 ora·

82 1555 247 1637 14t0ribps
269 1554 415 1640 leporem
438 1554 598 1638 quendem
621 1559 655 1619 et
677 1555 788 1638 selem,
812 1554 897 1620 alter
919 1556 1143 1621 acutissimum
1167 1560 1200 1620 et
1222 1555 1298 1620 sub-

120 1644 310 1710 tilissimum
340 1643 467 1708 dicendi
496 1663 599 1727 genus
628 1645 680 1708 est
709 1646 914 1728 consecutus3
951 1665 1055 1728 neque
1086 1665 1161 1709 vero
1190 1649 1298 1709 vester

82 1738 109 1779 ¹⁶
123 1733 267 1818 aequalis
291 1731 400 1816 Curio,
423 1735 517 1816 patre
540 1753 614 1796 mea
633 1733 795 1797 sententia
812 1732 865 1797 vel
883 1733 1150 1817 eloquentissimo
1173 1737 1298 1817 tempo·

122 1820 214 1886 ribus
237 1821 313 1904 illis,
336 1842 533 1904 quemquam
561 1820 642 1885 mihi
672 1841 792 1906 magno
816 1842 912 1905 opere
935 1821 1061 1886 videtur
1083 1821 1220 1904 imitari3
1243 1820 1299 1905 qui

121 1913 233 1976 tamen
260 1910 432 1975 verborum
461 1908 622 1994 gravitate
650 1912 683 1974 et
710 1911 875 1995 elegantia
904 1914 938 1975 et
967 1911 1060 1995 copia
1082 1932 1175 1975 suam
1198 1931 1298 1995 quan-

82 2001 109 2045 ¹⁹
123 1999 197 2064 dam
229 1999 390 2081 expressit
419 1999 513 2082 quasi
542 1998 681 2064 formam
709 1999 913 2085 figuramque
947 1998 1088 2084 dicendi3
1121 1998 1206 2084 quod
1238 2018 1298 2083 ego

122 2087 262 2153 maxime
285 2086 428 2152 iudicare
450 2086 544 2170 potui
566 2087 602 2151 in
625 2108 663 2152 ea
686 2109 793 2170 causa,
816 2110 914 2172 quam
935 2087 992 2153 ille
1011 2093 1125 2153 contra
1142 2109 1194 2152 me
1213 2086 1299 2172 apud

159 2283 184 2332 1.
203 2279 235 2333 irs
258 2293 364 2334 summa
382 2277 505 2333 utulate
528 2278 631 2347 gehtrt
649 2295 683 2332 zu
772 2283 798 2333 2.
821 2280 1006 2349 depascenda,
1023 2276 1130 2348 Vergil.
1160 2277 1262 2348 Georg.
1286 2278 1298 2331 I

123 2349 187 2405 dem
219 2349 424 2404 Zwischensatz
462 2350 495 2403 ut
526 2348 556 2403 in
588 2349 683 2405 herbis
739 2356 789 2405 112
804 2349 943 2405 luxuriem
951 2352 1080 2420 segetum
1089 2351 1187 2404 tenera
1201 2348 1300 2419 depas-

122 2420 220 2475 rustici
238 2420 330 2476 solent
354 2418 449 2474 dicere
474 2435 512 2474 sc.
531 2420 623 2475 inesse
640 2419 684 2475 lu·
739 2420 778 2476 cit
795 2421 826 2475 in
845 2422 941 2476 herba.

122 2490 240 2546 xuriem.
278 2489 340 2545 Den
354 2489 522 2560 figiirlichen
535 2490 683 2546 Ausdruclr
773 2497 798 2546 4.
817 2493 1001 2561 scriptitasse,
1025 2490 1081 2546 mit
1105 2489 1301 2546 schriftlichen

122 2559 246 2616 luxuries
260 2561 381 2617 braucht
394 2561 443 2616 der
457 2560 684 2631 Landmann(lll
737 2549 877 2630 llbungen
903 2561 1081 2632 abgegeben,
1107 2577 1132 2627 s;
1159 2562 1173 2615 I
1199 2575 1247 2616 iss.
1271 2578 1298 2630 p.

124 2637 176 2702 sss)
193 2648 250 2686 von
268 2631 318 2687 der
332 2633 454 2702 jungar,
478 2638 587 2701 grupen
606 2632 683 2702 Saat,
740 2632 848 2688 cluent.
880 2648 919 2687 140
950 2632 1094 2688 huminem
1122 2631 1300 2701 ingeniosum

125 2719 169 2756 wo
185 2701 225 2756 sie
239 2720 274 2756 au
287 2704 348 2772 gut,
368 2720 401 2757 zu
418 2703 508 2773 uppig
522 2702 606 2758 steht.
633 2704 686 2758 Die
739 2705 776 2758 M.
802 2702 957 2761 Antonium
987 2703 1068 2757 aiunt
1097 2702 1212 2758 solitum
1238 2717 1299 2758 esse

125 2770 249 2827 luxuries
263 2773 313 2827 der
326 2771 686 2844 SulpicischenRedewird
739 2775 844 2840 dicere,
863 2772 969 2829 idcirco
988 2791 1017 2828 se
1037 2774 1145 2828 nullam
1165 2789 1300 2841 umquam

125 2841 178 2898 mit
203 2843 252 2899 der
276 2843 399 2900 luxuries
431 2847 558 2915 segetum
584 2846 686 2928 vargli-
740 2845 897 2901 orationem
923 2845 1083 2915 scripsisse,
1110 2847 1151 2913 ut,
1179 2845 1203 2899 si
1231 2843 1300 2912 quid

126 2914 206 2970 chen.
230 2913 416 2970 BeideArten
430 2932 486 2970 von
498 2915 610 2971 luxuria
624 2916 687 2970 s1ud
740 2915 893 2985 aliquando
918 2932 975 2971 nou
1007 2933 1076 2986 opus
1107 2917 1183 2970 esset
1207 2916 1244 2969 ab
1270 2931 1300 2970 se

126 2984 228 3041 Fehlsr
245 2987 328 3053 (Ptin.
343 2987 371 3042 h.
385 3004 413 3040 n.
427 2986 519 3042 XVIII
528 2991 571 3054 44,
586 3003 599 3042 s
613 2988 687 3042 inter
741 3005 801 3043 esse
816 2986 932 3056 dietum,
950 2989 1047 3056 posset
1065 3002 1170 3056 negare
1189 2985 1300 3041 dixisse.

126 3055 199 3112 vitia
227 3058 356 3127 segetum
382 3057 470 3113 etiam
498 3057 608 3113 luxurie
635 3061 685 3114 est.
777 3065 801 3115 7.
821 3060 940 3126 tabulas,
960 3077 980 3112 s.
999 3057 1057 3112 ind.

126 3128 171 3183 Or.
190 3143 217 3184 48
240 3130 351 3198 segetes
375 3127 512 3183 fecundae
535 3131 564 3184 et
586 3130 686 3184 uberes
776 3134 801 3184 8.
821 3130 971 3197 metirer,
988 3129 1066 3184 Verr.
1086 3128 1098 3181 I
1117 3143 1143 3184 60
1164 3126 1300 3182 Audimus

126 3215 182 3254 non
206 3199 302 3269 solum,
320 3198 430 3269 fruges,
458 3217 555 3255 verum
583 3199 686 3254 herbas
741 3198 864 3268 aliquem
887 3201 1001 3255 tabulas
1029 3214 1183 3267 numquam
1207 3198 1300 3252 conl·

126 3269 212 3325 etiam
231 3269 380 3324 effundunt
400 3269 609 3325 inimicissimas
628 3269 685 3325 fru-
740 3272 820 3339 cisse,
840 3287 912 3338 quac
931 3273 975 3324 cst
989 3268 1084 3340 opinio
1098 3268 1245 3324 homiuum
1265 3269 1300 3322 de

125 3341 227 3412 gibus),
238 3341 296 3396 und
305 3341 359 3396 wie
369 3327 686 3411 derversttndigellko-
739 3340 777 3397 M.
806 3341 928 3396 Antonio
952 3341 1038 3395 falsa:
1061 3356 1127 3394 nam
1147 3339 1215 3394 lecit
1239 3337 1301 3392 dili-

124 3428 191 3466 nom
214 3412 260 3466 die
283 3411 358 3466 allzu
381 3411 440 3466 roll
468 3409 526 3464 und
549 3410 686 3467 reiehlieh
740 3411 914 3482 gentissime.

125 3483 261 3538 stehends
281 3484 362 3551 Saat,
386 3481 528 3536 naturlich
551 3498 581 3537 so
601 3483 648 3537 lan
670 3499 685 3536 e
777 3488 819 3538 14.
839 3485 917 3549 ulter,
935 3482 1009 3537 Einl.
1028 3483 1040 3536 I
1059 3487 1075 3548 5
1095 3487 1137 3549 16,
1154 3496 1201 3536 iss.
1231 3481 1302 3536 alter

126 3553 263 3631 sieunoeh
285 3558 358 3622 guin
380 3553 430 3620 ist,
454 3551 602 3607 abueiden
624 3501 688 3608 lule
742 3555 859 3624 (Cotta),
878 3553 951 3610 Einl.
969 3555 1016 3619 15
1037 3559 1078 3620 13,
1098 3569 1145 3608 149.

127 3621 210 3691 (le.
230 3621 258 3675 h.
283 3641 311 3677 n.
336 3625 355 3678 l.
373 3624 392 3680 l.
420 3622 531 3678 luxurie
559 3627 687 3693 segetum
779 3631 821 3679 16.
833 3630 915 3694 patre
927 3626 968 3681 ccl
978 3624 1194 3694 eloquentissimo
1203 3622 1302 3679 lecket

127 3692 283 3762 castigatur
305 3693 388 3748 dente
410 3693 520 3764 pecoris
546 3694 576 3749 in
599 3695 688 3750 herba
741 3695 949 3765 angeknuplter
967 3695 1022 3751 abl.
1043 3696 1131 3751 absol.
1151 3720 1186 3740 =
1204 3712 1302 3763 quam-

127 3763 294 3830 dumtaxat,
314 3764 404 3819 demit
421 3766 502 3821 nicht
515 3765 586 3821 alles
605 3767 688 3835 unter
742 3784 827 3834 quam
835 3766 883 3821 vel
891 3770 972 3835 pater
981 3765 1302 3835 eloquentissimuserat,

127 3837 177 3891 der
190 3820 251 3888 llbe
280 3833 337 3888 elle
352 3833 481 3904 erstialre,
501 3854 532 3892 so
549 3834 619 3890 mult
637 3837 687 3891 der
740 3838 799 3892 und
822 3837 911 3893 daher
933 3839 979 3892 eiu
1001 3836 1121 3891 Verbild
1144 3835 1205 3891 sich
1229 3834 1303 3890 doch

126 3907 251 3973 Reduer,
282 3905 383 3959 dessen
407 3904 521 3962 Dictiun
546 3925 583 3963 au
608 3905 687 3962 einer
741 3909 794 3964 wie
813 3924 869 3964 von
888 3908 976 3964 selbst
994 3907 1103 3962 darbot.

127 3977 251 4032 luxuries
274 3976 324 4032 der
342 3975 441 4032 Worte
464 3976 553 4034 leidet
572 3976 657 4048 (Einl.
676 3977 690 4031 Ι
781 3984 824 4035 19.
838 3981 928 4050 quasi,
946 3994 1044 4048 wegen
1063 3979 1112 4034 des
1130 3977 1303 4047 metaphori-

128 4046 452 4119 §12,1ss)‚beizciten
472 4048 526 4102 mit
539 4050 604 4104 dem
615 4048 688 4103 Grif-
744 4048 830 4105 schen
856 4049 1019 4107 Gabrauchs
1051 4067 1106 4106 von
1130 4049 1221 4103 forma
1246 4049 1304 4102 und

128 4119 180 4188 fel,
212 4120 263 4173 der
294 4117 359 4188 (wie
391 4119 441 4173 der
474 4117 542 4174 dens
569 4119 689 4190 pecoris)
742 4122 845 4191 figura:
870 4121 923 4175 wie
947 4119 992 4175 ein
1030 4120 1180 4175 lastischer
1198 4119 1303 4173 Kiinst-

130 4190 202 4245 ohne
217 4188 626 4260 Schadendcniiberfliissigen
635 4191 688 4245 Ge·
742 4191 784 4247 ler
802 4189 897 4246 wullte
916 4208 946 4245 er
968 4192 998 4246 in
1041 4189 1256 4258 ormenbildung
1274 4207 1301 4244 u.

130 4260 242 4316 danken
253 4261 329 4331 tilgt,
344 4261 398 4317 den
412 4259 531 4329 iibrigcn
545 4260 689 4331 gesunden
743 4263 855 4318 Gestalt
870 4262 959 4316 seiuer
973 4260 1051 4316 Reda
1066 4261 1127 4316 eine
1147 4260 1303 4330 cigentr'im·

130 4329 248 4454 Keipen
261 4331 327 4388 Luft
345 4332 403 4387 und
418 4331 501 4388 Licht
518 4347 552 4386 zu
569 4332 689 4389 macheu
742 4332 817 4461 lgchc
837 4332 991 4387 Schtnheit
1014 4351 1049 4386 ru
1072 4331 1183 4399 geues,
1199 4329 1247 4381 111
1264 4345 1316 4388 ιω,

131 4417 179 4455 suc
201 4418 243 4459 cn.
768 4422 795 4462 r.
812 4419 837 4460 s.
