2856 4770
468 153 895 248 oeconomumque.
1204 177 1269 243 235

94 348 210 432 loquar
229 343 453 428 confidentius,
476 340 562 426 quod
582 339 718 408 Catulus
738 339 866 406 auditor
885 341 1030 423 accessit,
1053 342 1105 407 cui
1128 363 1194 408 non
1220 364 1269 408 so·

95 437 163 500 lum
190 457 250 502 nos
273 433 384 498 Latini
412 431 585 514 sermonis,
612 429 670 495 sed
696 431 796 496 etiam
824 429 940 495 Graeci
966 429 1031 515 ipsi
1058 429 1165 496 solent
1192 453 1268 496 suae

70 525 227 609 elinguae
256 521 472 588 subtilitatem
502 519 762 605 elegantiamque
794 518 977 584 concedere.
1024 516 1087 585 Sed
1116 520 1269 605 quoniam
1287 537 1322 586 29

70 613 160 678 ahoe
183 616 300 696 totum,
323 609 477 696 quidquid
502 612 564 693 est,
588 609 656 672 sive
680 607 853 674 artificium
877 608 945 673 sive
970 608 1112 673 studium
1135 608 1271 695 dicendi,

71 702 163 766 anisi
187 701 324 766 accessit
347 722 393 784 os,
415 698 542 763 nullum
565 699 676 782 potest
699 718 783 779 esse,
806 697 928 763 docebo
950 719 1023 782 ros,
1046 696 1205 782 discipuli,
1228 699 1270 784 id,

71 789 183 877 equod
206 789 274 874 ipse
301 810 369 853 non
395 787 493 852 didici
519 785 611 870 [quid
635 785 674 850 de
697 787 785 850 omni
810 806 928 871 genere
956 785 1083 852 dicendi
1105 787 1269 870 sentiam].

187 878 250 943 Hic
272 881 485 963 posteaquam
508 874 700 959 adriserunt,
721 873 788 939 Res
807 874 888 939 mihi
905 873 1032 941 videtur
1055 896 1134 959 esse,
1156 877 1271 962 inquit,
1289 893 1324 943 30

72 967 254 1034 afacultate
281 967 462 1052 praeclara,
494 967 564 1029 arte
591 963 770 1028 mediocris.
820 963 884 1028 Ars
912 964 998 1029 enim
1026 985 1136 1029 earum
1163 987 1271 1032 rerum

99 1061 161 1136 est,
190 1078 271 1143 quae
300 1055 460 1137 sciuntur,
493 1052 633 1118 oratoris
667 1056 776 1118 autem
809 1053 915 1119 omnis
943 1053 1027 1118 actio
1056 1053 1272 1141 opinionibus,

60 1165 87 1206 1o
99 1168 166 1212 non
189 1144 335 1227 scientia,
358 1143 552 1209 continetur.
597 1140 684 1206 Nam
707 1144 740 1205 et
762 1141 848 1226 apud
876 1163 931 1209 eos
960 1140 1112 1226 dicimus,
1140 1144 1196 1228 qui
1218 1165 1272 1208 ne·

60 1257 85 1294 11
101 1235 215 1312 sciunt,
239 1237 272 1297 et
296 1254 334 1297 ea
357 1231 503 1316 dicimus,
526 1252 608 1316 quae
630 1230 791 1294 nescimus
814 1231 886 1315 ipsi.
931 1229 1046 1315 Itaque
1065 1236 1098 1296 et
1114 1231 1166 1296 illi
1189 1232 1272 1298 alias

101 1322 189 1388 aliud
208 1321 329 1386 eisdem
352 1321 392 1385 de
415 1320 511 1385 rebus
531 1322 564 1384 et
582 1318 728 1384 sentiunt
746 1322 779 1383 et
797 1319 944 1384 iudicant
962 1323 995 1385 et
1012 1342 1072 1385 nos
1092 1321 1273 1387 contrarias

59 1431 86 1473 rc
101 1433 198 1496 saepe
222 1432 336 1476 causas
360 1410 509 1493 dicimus,
536 1430 603 1474 non
626 1407 722 1473 modo
745 1413 782 1474 ut
806 1405 942 1474 Crassus
970 1412 1084 1474 contra
1111 1431 1163 1475 me
1188 1409 1275 1475 dicat

100 1499 276 1586 aliquando
300 1504 357 1564 aut
381 1520 441 1585 ego
466 1501 581 1563 contra
604 1494 773 1582 Crassum,
801 1518 873 1562 cum
902 1498 1052 1564 alterutri
1074 1520 1206 1564 necesse
1231 1500 1275 1564 sit

98 1589 220 1655 falsum
244 1589 357 1671 dicere,
381 1587 437 1651 sed
457 1588 555 1651 etiam
575 1590 612 1652 ut
629 1589 764 1672 uterque
782 1591 931 1651 nostrum
950 1587 1063 1653 eadem
1081 1586 1120 1653 de
1138 1611 1173 1653 re
1193 1589 1273 1654 alias

100 1679 189 1745 aliud
208 1678 371 1761 defendat,
389 1699 463 1742 cum
481 1677 554 1760 plus
573 1697 637 1740 uno
657 1697 769 1740 verum
788 1696 944 1741 essenon
963 1676 1076 1760 possit.
1108 1675 1156 1742 Ut
1173 1677 1275 1762 igitur

59 1788 85 1828 ir
99 1769 133 1832 in
161 1766 320 1832 eiusmodi
347 1788 396 1850 re,
425 1787 506 1851 quae
534 1764 703 1831 mendacio
733 1763 809 1828 nixa
836 1763 892 1847 sit,
925 1787 1007 1850 quae
1035 1765 1077 1830 ad
1105 1765 1274 1832 scientiam

99 1878 165 1921 non
185 1877 280 1940 saepe
303 1855 480 1940 perveniat,
503 1876 584 1941 quae
604 1854 774 1939 opiniones
792 1852 962 1918 hominum
982 1859 1014 1919 et
1034 1875 1130 1938 saepe
1150 1877 1275 1921 errores

61 1964 87 2004 19
102 1948 288 2031 aucupetur,
310 1945 357 2008 ita
381 1944 496 2029 dicam,
520 1943 548 2009 si
571 1965 702 2008 causam
725 1943 850 2028 putatis
875 1964 954 2026 esse,
976 1964 1033 2008 cur
1056 1942 1205 2010 audiatis.

101 2085 180 2138 sonet
197 2083 290 2138 finden
309 2081 370 2138 sich
388 2081 436 2137 bei
450 2080 505 2137 Cic.
525 2081 660 2136 Substan-
713 2080 788 2136 liche
807 2096 875 2137 usas
892 2083 950 2136 und
963 2081 1003 2137 im
1018 2083 1171 2168 folgenden
1189 2083 1273 2154 actio,

99 2155 159 2210 tive
186 2155 239 2208 mit
266 2152 484 2223 Prapositionen
511 2154 661 2209 attributis
714 2152 780 2208 weil
794 2153 917 2220 facultas
926 2155 980 2209 den
990 2153 1099 2225 Begnff
1106 2155 1277 2211 derWirk·

100 2226 245 2281 verwandt
268 2243 304 2280 an
328 2224 415 2279 Stella
445 2224 502 2279 und
525 2243 588 2279 zum
612 2224 661 2278 Er·
716 2223 867 2278 samkcit
890 2225 941 2280 auf
963 2225 1008 2282 die
1027 2227 1151 2282 Zuhbrer
1168 2226 1199 2281 in
1217 2227 1277 2283 sich

100 2300 233 2353 saturon
246 2294 428 2367 Adjelstiven,
446 2315 468 2350 z.
487 2294 521 2349 Β.
541 2311 580 2351 rsa
600 2312 661 2350 sen·
716 2292 791 2361 fasst3
815 2296 917 2351 ebenso
942 2297 996 2352 wie
1020 2296 1096 2352 actio
1121 2298 1183 2352 ‘das
1202 2297 1275 2353 Wir·

100 2369 206 2424 tentiae
225 2370 285 2422 tam
300 2368 360 2423 sine
374 2367 527 2436 pigmentis
541 2368 661 2436 fucoque
715 2365 794 2422 ken’.
814 2367 1215 2424 Aristot.definiertlthet.12
1232 2369 1278 2425 dia

100 2439 212 2510 puerili.
242 2439 268 2494 S.
284 2456 309 2494 a.
320 2438 475 2510 Mullerlzu
494 2439 529 2493 de
544 2437 589 2495 off.
603 2439 661 2493 140.
716 2437 855 2493 Rhetorik
865 2439 906 2494 als
917 2436 1065 2509 δύναμις
1078 2441 1144 2509 περὶ
1159 2439 1278 2495 ἕκαστον

137 2517 163 2565 3.
181 2511 370 2576 subtilitatem,
393 2509 439 2563 die
457 2509 588 2565 Feinheit
611 2510 660 2564 des
716 2509 766 2563 τοῦ
778 2509 925 2576 θεωρῆσαι
939 2507 971 2564 τὸ
988 2507 1178 2580 ἐνδεχόμενον
1189 2515 1279 2567 πιθα-

101 2581 273 2650 Ausdrucks,
293 2580 422 2650 dagegen
435 2581 475 2635 III
488 2581 661 2635 radieFein-
716 2578 781 2644 νόν,
805 2580 886 2634 nicht
909 2579 951 2634 als
974 2579 1058 2651 τέχνη
1076 2581 1278 2638 Kunstlehre.

101 2651 163 2706 heit
181 2651 231 2705 der
250 2652 436 2719 Ausspraohe.
752 2649 819 2717 Are,
836 2649 1022 2719 Kunstlehre,
1046 2652 1186 2707 Antonius
1204 2653 1280 2724 folgt

138 2721 192 2777 Sea
210 2723 340 2790 quoniam
358 2722 411 2775 mit
429 2722 499 2775 iron.
514 2720 663 2789 Emphase.
717 2719 780 2774 bier
793 2721 857 2774 dem
866 2737 922 2776 von
936 2720 994 2776 ihm
1004 2721 1058 2776 mit
1067 2721 1169 2777 Beifall
1179 2725 1279 2793 gehbr-

138 2799 163 2847 4.
184 2793 240 2848 eive
256 2793 415 2859 artificium,
434 2792 446 2845 Ι
461 2807 495 2846 ea.
510 2807 544 2846 ee.
560 2808 598 2859 os,
613 2792 664 2845 Zu-
718 2790 952 2858 tenOharmadas‚
963 2795 1018 2849 Iee.
1030 2810 1064 2850 aa.
1084 2794 1278 2866 Vgl.I1ossq.

102 2862 240 2929 versiam,
259 2863 323 2917 edle
342 2861 528 2932 Dreistigkeit
545 2864 558 2916 I
577 2876 623 2918 ris.
757 2866 798 2918 10.
817 2865 982 2934 continetur,
1000 2863 1125 2936 umfasst,
1144 2869 1213 2936 geht
1231 2868 1282 2923 auf

138 2940 163 2990 5.
184 2936 281 2990 docebo
300 2949 347 2990 coc
365 2933 422 2989 fast
438 2960 471 2980 =
487 2949 518 2987 so
537 2934 597 2988 will
615 2933 663 2988 ich
716 2932 767 2988 in.
785 2976 814 2988 ..

101 3006 178 3061 mich
202 3008 277 3062 denn
306 3004 348 3059 als
372 3003 477 3060 Lehrer
506 3004 663 3075 aufspielen
755 3005 1050 3074 ratumenna.

101 3078 218 3145 surdas,
237 3095 296 3132 was
315 3075 362 3132 ich
376 3095 402 3132 u.
423 3095 444 3131 s.
463 3094 511 3144 w.;
529 3092 581 3132 vor
596 3077 664 3146 quid
755 3081 797 3133 13.
808 3077 926 3133 Oramus
939 3085 1036 3135 contra
1048 3095 1098 3146 cte,
1121 3097 1143 3134 s.
1162 3079 1175 3132 I
1194 3095 1233 3135 rra
1251 3098 1278 3134 u.

103 3155 177 3204 wilre
202 3169 236 3204 zu
262 3154 413 3217 ergtnzen:
445 3147 504 3202 und
534 3165 565 3203 so
596 3146 664 3203 sollt
718 3146 776 3201 ind.
796 3147 986 3204 Gratidianus.

102 3220 147 3274 ihr
171 3221 244 3274 denn
269 3220 405 3274 erfahren.
448 3220 531 3275 ludes
554 3219 593 3274 ist
615 3219 665 3274 der
757 3224 799 3273 1⁷.
812 3225 845 3274 at
862 3220 894 3273 iu
911 3221 1044 3275 eiusmodi
1061 3237 1091 3275 re
1110 3219 1164 3275 wie
1183 3239 1212 3276 es
1230 3221 1279 3276 bei

104 3291 169 3345 Sata
192 3293 245 3345 mit
269 3291 337 3360 quid
361 3291 436 3344 wohl
460 3291 506 3345 ein
529 3290 664 3360 Glossem‚
719 3288 895 3346 solcheinem
903 3290 1190 3361 Gegenstand,der...
1206 3291 1279 3347 auch

104 3380 124 3416 s.
141 3362 167 3414 d.
182 3361 247 3416 krit.
263 3364 350 3430 Anh.;
370 3361 417 3415 die
431 3378 503 3430 ganz
516 3361 664 3431 prbohtige
718 3379 771 3415 nur
789 3360 914 3431 mdglioh
933 3360 978 3416 ist.

103 3431 258 3502 Persiflage
291 3435 341 3487 der
372 3432 569 3503 griechischen
596 3432 664 3487 Pro·
740 3434 904 3501 ›mendaciq
919 3433 972 3488 mit
980 3432 1155 3504 Auspielung
1166 3434 1217 3490 auf
1229 3435 1279 3490 So-

104 3502 229 3557 scssorcn
242 3502 313 3557 wird
327 3507 444 3574 gestdrt.
460 3520 541 3558 wenn
555 3503 585 3556 in
600 3503 664 3558 dem
718 3503 822 3558 krates'
841 3504 1006 3574 Ausspruoh
1025 3506 1056 3560 in
1070 3505 1141 3562 Plat.
1158 3506 1277 3562 Phaedr.

105 3573 186 3629 Satze
205 3576 278 3628 auch
292 3593 345 3628 nur
358 3576 405 3630 ein
418 3574 501 3629 Wort
520 3574 663 3642 vorkdme,
717 3593 745 3645 p.
765 3581 817 3630 260
830 3575 862 3630 Ε.
881 3572 898 3644 ἡ
918 3573 1052 3648 ῥητορικὴ
1071 3575 1212 3646 ψεύδεται
1230 3579 1279 3632 καὶ

105 3646 155 3700 das
174 3659 239 3698 man
259 3647 335 3699 ernst
352 3646 446 3701 fassen
463 3643 571 3700 musstc.
718 3641 771 3700 oda
792 3644 850 3702 ἔστι
867 3645 960 3717 τέχνη,
979 3643 1036 3702 ἀλλ’
1052 3644 1170 3718 ἄτεχνος
1187 3647 1278 3732 τριβή.

139 3716 285 3785 discipuli,
303 3717 443 3771 naturlich
457 3717 489 3771 in
503 3715 664 3772 demselben
754 3719 791 3773 od
818 3718 963 3774 scientiam
988 3721 1132 3787 perveniat
1157 3746 1191 3764 =
1217 3722 1279 3774 sich

104 3785 367 3844 scherzhaftenTon
376 3789 432 3842 und
443 3787 627 3856 Sinn,indem
637 3803 667 3842 er
720 3806 755 3842 zu
775 3787 963 3845 ‘wirkliohem
980 3790 1104 3845 Wissen'
1125 3790 1236 3856 erhebt;
1256 3808 1277 3847 a.

104 3859 266 3928 uberhaupt
277 3857 322 3912 die
333 3857 485 3915 Suffisanoe
498 3860 548 3914 der
562 3859 665 3914 rhetor.
718 3859 774 3929 jad.
794 3861 820 3916 d.
839 3859 905 3915 krit.
925 3861 997 3916 Anh.

105 3930 255 4000 Sophisten
289 3927 450 3999 persifliert,
486 3929 531 3985 die
559 3930 665 3999 lehren,
757 3936 798 3984 19.
818 3937 984 4001 aucupetur,
1008 3933 1110 3987 hasoht
1130 3934 1218 4002 nach,
1237 3951 1279 3990 er·

104 4018 162 4056 was
181 4003 221 4056 sie
241 4001 329 4056 selbst
347 3999 427 4054 nicht
444 4000 553 4058 wissen.
578 4018 611 4058 re.
719 4001 824 4070 lauert,
848 4005 905 4072 vgl.
925 4019 973 4059 aaa.
999 4002 1043 4060 Or.
1064 4019 1089 4060 ca
1107 4003 1138 4058 in
1157 4022 1190 4060 eo
1208 4007 1279 4075 ipso,

140 4079 164 4128 6.
183 4075 241 4142 ipse
259 4089 316 4128 non
334 4072 431 4139 didici,
449 4071 462 4123 I
481 4088 528 4128 aua.
720 4073 797 4141 quod
829 4073 1045 4129 delectationem
1080 4076 1206 4145 aliquam
1238 4077 1280 4130 di·

139 4149 164 4228 t.
179 4145 312 4212 facultate
322 4145 481 4214 praeclara,
496 4149 554 4225 orte
565 4146 665 4226 rnedio-
720 4145 807 4198 cando
827 4146 1013 4227 aucupentur3
1033 4146 1070 4200 ad
1088 4147 1155 4228 fam.
1169 4147 1195 4200 V
1211 4152 1280 4216 12‚s

105 4216 379 4365 eubuleus
406 4231 468 4340 sb
481 4216 666 4341 illitis]
719 4218 1279 4359 ”totererestereres&

12 4425 15 4429 ,
106 4353 162 4411 Cro.
180 4357 241 4412 hier
259 4356 339 4412 nicht
362 4359 412 4412 das
435 4358 514 4412 sonst
531 4359 663 4428 gewbhn-
720 4357 790 4412 rend
813 4357 858 4413 die
885 4359 1141 4430 vorausgehenden
1160 4361 1288 4412 Paestum-

1025 4446 1083 4500 ib*
