2856 4770
178 220 244 286 254
536 219 585 274 ns
606 215 779 275 censeas
797 217 824 272 11
844 222 887 284 a,
905 231 939 273 a.
958 229 993 273 a.

177 384 299 468 populo
323 382 470 451 Romano
499 383 644 448 omnium
675 381 821 466 gentium
848 380 969 445 victore
996 381 1168 462 certasset,
1192 375 1357 445 Graecum

177 473 354 555 hominem,
373 473 428 558 qui
441 493 618 556 numquam
631 469 769 554 hostem,
787 491 966 554 numquam
979 471 1087 534 castra
1099 466 1242 552 vidisset,
1260 489 1356 532 num·

177 583 275 645 quam
294 561 432 645 denique
446 560 614 626 minimam
628 562 756 643 partem
771 557 868 623 ullius
882 557 1005 641 publici
1018 556 1161 621 muneris
1176 555 1355 641 attigisset,
1371 575 1386 615 s

175 655 351 733 praecepta
373 650 412 714 de
435 671 470 714 re
498 649 633 713 militari
661 646 760 712 dare?
801 645 872 712 Hoc
898 646 981 711 mihi
1008 645 1113 710 facere
1141 665 1255 710 omnes
1282 644 1386 729 isti,4

177 737 232 821 qui
262 738 300 801 de
331 740 400 803 arte
430 737 555 802 dicendi
590 735 808 821 praecipiunt,
842 735 1005 819 videntur,
1041 733 1127 818 quod
1163 733 1251 798 enim
1284 733 1354 818 ipsi

176 827 300 910 experti
322 847 390 891 non
413 830 499 910 sunt,
521 825 554 890 id
578 826 696 891 docent
718 828 852 892 ceteros.
895 821 957 889 Sed
984 823 1047 888 hoc
1074 822 1181 888 minus
1210 822 1355 888 fortasse

177 919 295 998 errant,
319 914 403 999 quod
426 936 491 980 non
519 917 565 998 te,
588 919 625 979 ut
647 913 880 996 Hannibalem,
908 913 963 977 sed
992 933 1109 995 pueros
1139 913 1196 977 aut
1224 911 1384 977 edules-r

177 1005 323 1068 centulos
347 1003 460 1068 docere
484 1007 653 1068 conantur.

70 1096 108 1152 ls
126 1104 159 1154 tt
264 1090 375 1176 Erras,
398 1089 526 1175 Catule,
548 1092 654 1176 inquit
677 1090 876 1175 daromam
903 1113 980 1155 nam
1008 1092 1137 1174 egomet
1164 1089 1200 1152 in
1227 1088 1354 1155 multos

175 1180 242 1244 iam
268 1179 482 1245 Phormiones
509 1180 615 1244 incidi.
661 1178 741 1255 Quis
773 1180 859 1243 enim
893 1183 944 1244 est
974 1179 1113 1244 istorum
1142 1174 1354 1264 Graecorum,
1368 1197 1399 1238 ra

176 1269 231 1353 qui
256 1290 450 1353 quemquam
472 1271 621 1334 nostrum
650 1268 825 1353 quidquam
852 1267 1042 1353 intellegere
1066 1266 1264 1332 arbitretur?
1302 1267 1354 1334 Ac

175 1357 257 1420 mihi
280 1356 410 1441 quidem
432 1378 499 1423 non
520 1357 569 1422 ita
593 1356 722 1421 molesti
749 1360 839 1440 sunt;
866 1355 962 1421 facile
991 1377 1102 1420 omnes
1131 1355 1295 1439 perpetior
1319 1359 1354 1421 et

175 1445 314 1528 perfero.
357 1442 443 1509 Nam
468 1451 525 1511 aut
548 1445 672 1530 aliquid
695 1445 854 1529 adferunt,
878 1443 964 1529 quod
983 1444 1063 1510 mihi
1081 1465 1148 1508 non
1171 1443 1353 1529 displiceat,

177 1535 233 1598 aut
256 1532 414 1618 efficiunt,
441 1537 478 1598 ut
506 1556 558 1599 me
584 1556 652 1598 non
679 1532 829 1599 didicisse
856 1535 963 1600 minus
992 1533 1164 1617 paeniteat.
1210 1533 1353 1600 Dimitto

177 1624 286 1686 autem
313 1643 369 1688 eos
396 1645 464 1688 nan
490 1626 560 1688 tam
587 1621 835 1706 contumeliose,
868 1645 965 1707 quam
993 1621 1228 1705 philosophum
1255 1621 1352 1688 illum

175 1708 352 1795 Hannibal,
374 1716 407 1776 et
426 1733 464 1776 eo
482 1711 623 1777 fortasse
641 1711 714 1795 plus
733 1710 838 1777 habeo
858 1713 956 1775 etiam
975 1711 1109 1796 negotii.
1156 1707 1219 1775 Sed
1237 1714 1352 1776 tamen
1367 1730 1396 1770 re

176 1804 225 1864 est
243 1821 353 1865 eorum
373 1800 528 1883 doctrina,
552 1804 710 1884 quantum
733 1820 794 1884 ego
816 1799 959 1865 iudicare
978 1821 1120 1885 possum,
1142 1798 1352 1884 perridicula.
1368 1818 1397 1859 rr

123 1908 156 1957 78
176 1886 333 1953 Dividunt
360 1890 446 1953 enim
472 1891 578 1953 totam
607 1911 676 1953 rem
702 1889 738 1952 in
766 1889 845 1953 duas
872 1894 995 1972 partes,
1023 1889 1057 1953 in
1080 1909 1197 1953 causae
1220 1892 1396 1955 contro-18

174 1977 314 2041 versiam
344 1980 376 2040 et
406 1978 441 2041 in
470 1977 678 2062 quaestionis.
723 1975 864 2044 Causam
899 1977 1067 2062 appellant
1100 1998 1171 2040 rem
1205 1977 1352 2061 positam

174 2064 210 2129 in
238 2064 472 2148 disceptatione
503 2087 633 2131 reorum
661 2069 693 2130 et
720 2067 953 2150 controversia,
986 2066 1209 2149 quaestionem
1238 2069 1352 2131 autern
1368 2084 1397 2125 aa

173 2255 358 2313 Linxxssm
370 2255 471 2312 auten
477 2256 622 2312 Hannibal
633 2257 733 2311 selbstr
788 2256 875 2312 Streit
888 2257 959 2311 fiber
972 2257 1027 2312 den
1040 2256 1198 2312 konhreten
1212 2257 1276 2311 Fall
1290 2259 1352 2313 und

172 2344 231 2382 non
244 2327 447 2384 internecivum
462 2328 516 2382 eibi
531 2343 590 2383 esse
605 2345 669 2383 cum
678 2330 733 2383 Ra·
787 2326 910 2383 uberdie
919 2328 1352 2399 allgemeine(philos0phische)

174 2398 266 2452 manis
284 2397 404 2465 bellum
429 2398 464 2452 de
488 2396 629 2468 dignitate
647 2401 732 2466 atque
787 2397 877 2468 Frage
896 2399 952 2467 (die
971 2397 1139 2467 inr.16,s;
1162 2397 1207 2454 Or.
1222 2402 1269 2466 aa).
1292 2399 1354 2455 An·

173 2467 292 2538 imperio
311 2472 427 2524 certare.
786 2469 882 2524 tonius
912 2469 1017 2523 konnte
1046 2468 1119 2524 auch
1147 2469 1260 2524 einlach
1288 2471 1353 2526 sich

210 2546 235 2595 3.
255 2540 378 2609 deniqne,
397 2555 432 2595 ss.
787 2539 964 2594 ausdrdcken
986 2541 1018 2595 in
1041 2556 1153 2596 cansam
1175 2542 1250 2596 etin
1267 2558 1352 2611 qaae·

208 2617 234 2668 4.
249 2617 398 2682 praecepta
420 2613 454 2667 de
476 2627 505 2666 re
526 2611 645 2666 militari
666 2611 734 2666 dare
785 2609 1004 2680 stionem;Einl.
1024 2609 1084 2677 115
1103 2616 1128 2665 2.

173 2699 201 2737 u.
219 2682 253 2737 de
274 2689 333 2738 arte
355 2683 466 2738 dicendi
487 2684 659 2753 praecipere,
683 2682 735 2735 wir
824 2687 866 2736 20.
886 2698 1002 2750 reorum,
1021 2681 1352 2752 wofhresdeinv.16,

174 2755 259 2807 etue:
277 2751 451 2806 theoretisch
465 2752 578 2822 Kriegs-
596 2769 623 2807 u.
642 2751 734 2806 Rede-
786 2768 1002 2820 spersonarum
1024 2749 1105 2807 heisst
1134 2751 1199 2822 (wie
1221 2753 1347 2808 hernach

173 2822 269 2890 kunst,
288 2821 369 2877 oder:
389 2822 456 2876 Krie
478 2841 502 2876 s·
521 2841 548 2877 u.
568 2822 733 2877 Redekunst
787 2838 826 2879 145
855 2824 884 2877 in
917 2823 1063 2879 hominnm
1093 2822 1351 2879 innumerabilibus

173 2892 248 2948 nach
266 2893 316 2947 der
334 2889 440 2947 blossen
458 2841 576 2948 theoria
594 2893 713 2948 treiben.
786 2894 937 2963 personis);
953 2895 1027 2949 denn
1040 2896 1114 2948 nach
1128 2893 1216 2950 altem
1227 2893 1351 2964 Spraoh·

210 2969 234 3019 Ἰ.
258 2969 290 3020 nt
312 2963 501 3018 Hannibalern
525 2994 557 3004 -
582 2964 658 3018 wohl
680 2964 733 3018 mit
787 2965 931 3033 gebrauch
945 2965 1008 3019 sind
1024 2965 1085 3018 ‘rei’
1103 2981 1208 3033 omnes,
1228 2981 1350 3033 quorum

174 3035 351 3105 Anspielung
388 3034 439 3088 auf
473 3032 519 3089 die
555 3033 731 3090 reduerische
786 3050 830 3089 res
856 3037 912 3104 est,
941 3050 987 3091 ne.
1012 3050 1059 3091 rm.
1084 3051 1132 3092 rer.
1156 3051 1195 3091 rsa
1217 3037 1277 3091 und
1299 3052 1350 3094 ssi.

173 3104 501 3174 Feldherrntiichtigkeit
523 3105 572 3160 des
597 3104 736 3161 Antonius
789 3105 829 3159 ΙΙΙ
848 3121 886 3161 ros
910 3107 955 3161 die
975 3105 1161 3178 Bateiligten3
1185 3108 1353 3177 disceptatio

174 3176 257 3241 (Einl.
276 3177 289 3230 1
307 3182 322 3242 ξ
343 3182 386 3243 11,
400 3175 497 3246 rocffi).
535 3175 734 3231 Wahrschein-
788 3193 896 3232 reorum
919 3179 969 3232 der
992 3177 1090 3233 Genet.
1114 3178 1212 3232 wiell
1230 3191 1243 3233 s
1262 3195 1351 3248 quae-

138 3249 142 3256 '
173 3247 232 3303 lich
241 3247 279 3303 ist
288 3265 338 3304 vor
347 3249 415 3303 oder
427 3247 502 3302 nach
511 3246 654 3303 Hannibal
663 3247 733 3312 {ille
789 3263 898 3317 cunque
912 3249 942 3303 in
955 3248 1100 3304 hominum
1114 3248 1351 3320 disceptationem

174 3319 359 3389 ausgefallen,
378 3319 430 3373 wie
450 3318 543 3388 einige
562 3318 611 3373 Hs.
630 3317 732 3374 haben.
788 3318 888 3374 cadere
906 3323 1034 3390 possunt.

212 3397 253 3446 10.
278 3391 478 3457 Phormiones,
506 3404 562 3458 aso,
584 3390 598 3443 Ι
620 3404 676 3455 aro,
705 3408 732 3459 p.
823 3392 855 3445 in
876 3391 1073 3460 disceptatione
1098 3406 1206 3447 reorum
1232 3395 1258 3446 et
1284 3407 1351 3447 aon·

173 3461 257 3515 Arch.
277 3476 311 3515 aa.
787 3463 927 3529 troversia,
942 3477 982 3516 ric
995 3461 1051 3516 tria
1071 3463 1137 3515 sunt
1156 3477 1259 3531 genera
1274 3479 1350 3530 quae

211 3536 253 3588 16.
271 3547 301 3586 eo
319 3531 388 3599 plns
409 3532 493 3587 habeo
516 3532 598 3587 etiam
620 3547 655 3586 ne
673 3531 732 3599 otii,
785 3532 816 3586 in
834 3534 1058 3603 disceptationem
1081 3535 1110 3587 et
1135 3535 1352 3589 andronarium

174 3601 248 3656 dena
275 3618 332 3656 wer
358 3601 446 3672 jenen
472 3603 580 3657 Leuten
608 3547 729 3671 wildiges
786 3603 885 3658 cadere
904 3602 1026 3673 possint,
1045 3601 1214 3673 disceptatio
1234 3622 1261 3659 u.
1283 3620 1350 3661 con·

173 3672 268 3729 Gehbr
286 3673 406 3728 schenkt
419 3672 477 3727 und
491 3674 531 3729 sie
545 3671 624 3727 nicht
637 3671 731 3743 gleich
785 3674 923 3730 noverria
939 3673 1110 3729 bezeichnen
1128 3691 1181 3729 nur
1198 3674 1266 3729 awei
1285 3692 1349 3731 ver·

172 3743 291 3814 gehtrig
310 3743 506 3812 zurdchweist,
530 3744 578 3799 der
600 3742 671 3797 wird
690 3742 731 3800 sie
785 3744 936 3800 schiedena
949 3745 1070 3800 Formen
1084 3745 1129 3799 ihr
1144 3743 1350 3802 dieEntsahci·

173 3816 246 3869 auch
274 3831 306 3870 so
334 3813 423 3871 leicht
449 3813 529 3870 nicht
552 3813 656 3869 wieder
678 3814 729 3870 los.
785 3816 861 3886 dung
875 3816 952 3871 eines
966 3815 1146 3883 Rechteialls,
1164 3816 1258 3871 haben
1277 3817 1349 3873 aber

173 3883 249 3941 Aber
284 3885 361 3940 diese
398 3885 729 3941 Hbflichkaitsriicksicht
784 3887 866 3941 keine
881 3887 1042 3956 Beziehung
1056 3888 1106 3943 auf
1118 3888 1169 3942 das
1188 3903 1277 3955 genus
1297 3889 1346 3944 de·

173 3955 239 4011 deri
255 3972 346 4026 gagen
360 3957 407 4012 die
422 3956 550 4011 Sohtden
568 3956 644 4012 ihrer
662 3973 730 4027 gan-
784 3956 1042 4014 liberativnmoder
1055 3957 1198 4014 iudiciale.
1218 3958 1350 4016 carnalla

172 4044 223 4082 zen
241 4027 359 4083 Doctrin
378 4028 458 4084 nicht
474 4027 553 4083 blind
571 4027 699 4083 machon.
784 4044 829 4084 res
853 4031 950 4098 potest
976 4031 1005 4084 in
1029 4029 1142 4084 dicendi
1166 4027 1350 4110 ffisceptatio-

210 4105 251 4154 17.
265 4100 450 4169 perridicula,
468 4098 507 4153 III
527 4113 560 4154 rs.
784 4102 914 4173 nemgaut
928 4099 1262 4157 controversiamvocarr.
1282 4101 1349 4171 Vgl.

210 4176 251 4226 18.
270 4170 491 4238 Dividnrdetc,
510 4169 584 4225 Einl.
603 4168 662 4235 115
682 4176 707 4226 2.
784 4170 824 4224 ΙΙΙ
853 4188 892 4227 ros
924 4171 996 4226 illud
1030 4187 1118 4240 genus
1152 4187 1264 4227 causam
1298 4176 1351 4229 snt

208 4242 419 4298 controuersiam
446 4239 508 4297 hier
535 4240 575 4296 im
597 4240 730 4297 weiteren
786 4242 1006 4298 controversiam
1043 4241 1191 4312 appellant
1227 4257 1350 4313 eamque

174 4312 259 4368 Sinna
297 4315 367 4382 (rsa)
404 4311 461 4368 fast
495 4312 548 4368 mit
586 4313 730 4368 contentio
784 4312 876 4369 tribus
904 4313 955 4369 lite
983 4315 1033 4368 aut
1066 4311 1270 4370 deliberatione
1298 4318 1351 4371 aut

155 4383 429 4449 ,gleiehbedcutend
441 4384 612 4456 gebraucht:
630 4384 660 4437 in
675 4385 731 4440 den
784 4384 949 4441 laudatione
968 4383 1112 4440 definiunt.
