2856 4770
174 215 239 280 278
552 214 601 270 nn
621 216 793 270 carrona
813 202 840 270 n
858 223 901 285 31,
921 233 967 273 aa.

175 383 240 465 cst,
269 401 333 466 quo
364 379 495 444 sublato
524 378 745 443 controversia
776 383 862 444 stare
891 401 958 445 non
987 381 1106 466 possit3
1137 381 1251 446 deinde
1274 383 1379 467 quid1

174 468 285 534 veniat
307 468 343 532 in
365 468 529 550 iudicium,
559 467 645 552 quod
675 467 730 532 isti
761 468 807 533 sic
837 469 950 534 iubent
973 492 1138 554 quaerere:
1165 468 1381 537 ‘Interfecita

175 557 323 643 Opimius
352 554 542 621 Gracchum.
590 554 674 632 Quid
710 555 789 621 facit
817 558 971 623 causam?
1005 558 1090 643 quod
1122 559 1169 623 rei
1201 559 1351 642 publicae

174 668 281 730 causa,
305 667 377 710 cum
401 667 440 709 ex
463 646 765 710 senatusconsulto
789 647 830 710 ad
854 669 945 711 arma
967 650 1125 713 vocasset.
1170 646 1243 712 Hoc
1261 649 1380 734 tollar

174 757 273 800 causa
290 755 357 798 non
376 735 447 799 erit.
483 734 530 798 At
547 733 580 797 id
598 734 707 817 ipsum
726 738 824 819 negat
842 740 955 801 contra
973 737 1062 820 leges
1076 736 1206 801 licuisse
1220 735 1349 804 Decius.
1364 757 1378 798 ⁵

172 822 293 890 Veniet
315 823 417 908 igitur
439 822 475 887 in
494 821 662 887 iudicium:
685 821 868 889 Licueritne
892 846 931 889 ex
955 828 1088 890 senatus
1111 826 1260 890 consulto
1285 848 1350 891 ser·

173 911 299 978 vendas
321 912 370 977 rei
393 911 542 996 publicae
565 911 702 976 causa?'
747 911 923 997 Perspicua
952 917 1029 979 sunt
1056 913 1137 978 haec
1165 914 1351 998 quidemst

173 1001 209 1067 in
222 1000 353 1086 vulgari
371 1000 545 1084 prudentia
564 1000 640 1084 sita3
660 1000 714 1065 sod
733 1001 791 1066 illa
809 1002 1002 1086 quaerenda,
1021 1025 1102 1086 quae
1117 1003 1205 1067 stab
1221 1023 1348 1069 accusa·
1364 1024 1378 1062 s

173 1094 245 1155 toro
270 1093 303 1156 et
327 1112 346 1154 a
369 1090 538 1154 defensore
562 1094 753 1173 argumenta
777 1090 883 1174 adid,
907 1090 993 1176 quod
1016 1092 1051 1155 in
1073 1091 1228 1156 iudicium
1250 1092 1351 1177 venit,

65 1186 102 1242 31
113 1190 164 1241 133
175 1179 358 1263 spectantia
382 1177 522 1243 debeant
544 1178 671 1243 adferri.
718 1177 826 1263 Atque
848 1179 902 1245 hic
925 1180 1006 1244 illud
1033 1180 1206 1245 ridendum
1230 1184 1293 1266 est,
1315 1181 1351 1246 in

175 1290 238 1353 quo
263 1288 408 1333 summus
432 1270 483 1332 est
506 1288 596 1332 error
618 1267 757 1332 istorum
780 1268 1026 1353 magistrorum,
1054 1269 1094 1334 ad
1122 1291 1204 1353 quos
1227 1269 1350 1334 liberos

172 1361 303 1422 nostros
327 1356 502 1440 mittimus,
529 1378 596 1422 non
625 1378 688 1441 quo
715 1356 778 1421 hoc
805 1357 935 1441 quidem
964 1358 1004 1422 ad
1032 1357 1202 1424 dicendum
1225 1379 1347 1444 magno
1363 1381 1393 1421 1a

173 1467 269 1530 opere
292 1445 462 1529 pertineat,
493 1446 548 1510 sed
571 1449 683 1510 tamen
706 1448 743 1510 ut
765 1445 920 1529 videatis,
949 1468 1047 1531 quam
1078 1447 1121 1510 sit
1150 1466 1253 1531 genus
1286 1446 1350 1514 hoc

173 1556 294 1618 eorum,
317 1534 374 1619 qui
398 1534 461 1599 sibi
485 1534 601 1599 eruditi
625 1534 783 1617 ridentur,
806 1534 905 1600 hebes
930 1539 1025 1620 atque
1048 1535 1247 1620 impolitum,
1270 1557 1347 1601 con·
1364 1559 1393 1598 rc

171 1690 234 1747 Hau
255 1692 279 1746 t
299 1691 357 1745 und
371 1689 609 1760 Unterahtcilung
621 1692 652 1746 in
670 1691 734 1746 dem
789 1688 835 1744 ein
849 1690 936 1746 fuisse
951 1709 984 1745 zu
998 1695 1149 1762 erghnnem
1167 1691 1238 1746 dicit
1251 1696 1350 1748 contra

170 1709 294 1817 vielhch
320 1761 515 1843 gegliederten
542 1761 662 1817 Schema
685 1761 735 1817 der
788 1760 809 1843 1.Ι
822 1760 908 1843 fuisse
923 1765 953 1817 et
965 1779 1022 1817 non
1036 1763 1161 1831 licuisse,
1181 1762 1250 1817 oder
1262 1765 1349 1834 negat

170 1832 260 1888 Lehre
280 1834 315 1887 de
339 1831 460 1888 statrbus
484 1833 588 1903 gerade
609 1851 657 1887 zur
676 1835 733 1887 An·
788 1833 910 1888 l1cu1sse.

171 1903 312 1972 wendung
330 1904 500 1972 zahringen
519 1905 567 1958 sei.
824 1909 848 1960 8.
868 1904 919 1959 illa
938 1905 1195 1974 quaerendarum
1218 1906 1271 1961 etc.
1295 1903 1349 1958 mit

209 1980 232 2028 1.
244 2040 252 2060 .
265 1974 334 2044 qaid
360 1975 454 2030 ueniat
480 1975 512 2029 ν’νν
537 1976 674 2031 iudicium
700 1972 732 2030 τὸ
788 1974 865 2029 einer
882 1975 1098 2056 gewehnlichen
1111 1973 1279 2055 httraktion
1292 1973 1347 2030 wie

171 2046 496 2172 attestatae?
511 2047 643 2187 irati
659 2063 733 2173 ur
786 2046 913 2185 {Sitit
930 2043 1250 2172 trutinans
1264 2047 1349 2186 iiiii

171 2186 272 2243 Graeci
290 2186 460 2258 κρινόμενον
477 2187 637 2257 appellant,
660 2188 731 2243 mihi
786 2188 901 2243 termini
920 2187 1065 2257 diligendi.
1094 2187 1190 2242 Daher
1208 2188 1282 2243 auch
1301 2187 1348 2242 de·

169 2258 266 2328 placet
291 2258 322 2313 id
351 2291 383 2299 -
414 2259 482 2326 ‘qua
506 2259 541 2314 de
566 2276 597 2314 re
623 2259 728 2329 egitur'
784 2258 871 2313 beant
900 2259 992 2329 (nicht
1015 2258 1143 2329 debent),
1172 2275 1194 2313 s.
1224 2259 1252 2313 d.
1279 2257 1346 2314 krit.

170 2329 280 2399 vocari,
313 2330 389 2383 Brut.
418 2343 469 2397 ντες
504 2330 549 2385 Or.
577 2332 650 2400 part.
678 2346 730 2398 1043
784 2328 914 2401 Anhang.

169 2419 196 2471 p.
220 2400 280 2456 Mil.
299 2416 325 2456 ar
351 2400 395 2455 sin
419 2401 474 2455 hoc
498 2416 582 2455 nemo
605 2403 730 2456 vestrum
820 2401 879 2455 Auf
903 2402 1060 2470 occaecata
1084 2399 1157 2468 liegt
1179 2399 1229 2454 der
1254 2400 1348 2456 Nach-

169 2472 212 2527 ita
235 2471 335 2540 sentit,
362 2472 434 2526 illud
461 2471 519 2526 iam
541 2474 571 2527 in
593 2471 729 2528 iudicium
785 2469 886 2537 druch
911 2472 961 2525 das
980 2472 1162 2528 Erwthnte
1185 2470 1224 2525 ist
1247 2472 1347 2526 selbst-

169 2543 255 2613 venit,
273 2559 343 2612 non,
363 2543 506 2599 occisusne
525 2543 575 2612 sit,
595 2544 669 2613 quod
687 2543 729 2598 fu.-
783 2541 988 2611 verst'a'ndlich,
1021 2541 1150 2598 suchen
1182 2541 1249 2596 aber
1276 2539 1348 2596 muss

169 2617 276 2683 tamur,
302 2616 352 2669 sed
375 2613 436 2670 iure
459 2631 495 2669 cn
513 2614 630 2683 iniuria,
656 2616 732 2686 quod
786 2631 852 2670 man
870 2614 1006 2671 nach...

169 2686 407 2742 multisincausis
418 2702 502 2755 saepe
511 2687 669 2755 quaesitum
680 2689 731 2744 est
822 2691 864 2741 12.
892 2701 950 2740 noc
973 2701 1040 2757 quo,
1061 2684 1108 2739 ich
1131 2684 1261 2739 erwahne
1286 2682 1346 2738 dies

206 2761 231 2810 2.
259 2757 323 2823 isti,
346 2755 393 2809 die
412 2756 608 2825 griechischen
625 2757 732 2814 Rheto·
785 2758 920 2826 iibrigens
933 2757 1022 2825 nicht,
1041 2756 1131 2811 meint
1144 2756 1187 2822 A..
1205 2756 1260 2809 uie
1278 2771 1346 2809 man

169 2825 258 2894 riker,
281 2827 433 2881 besonders
456 2827 511 2882 seit
533 2829 730 2898 Hermagoras,
784 2828 931 2884 vielleicht
957 2844 1008 2882 aus
1032 2828 1088 2882 den
1110 2824 1347 2896 Anfcngsworten

172 2895 279 2952 Einhi
298 2901 313 2961 5
332 2903 395 2951 411.
416 2902 444 2965 ⁶3
463 2897 490 2950 11
509 2902 525 2962 5
544 2904 570 2953 3.
784 2901 822 2953 At
843 2916 877 2953 ue
913 2898 960 2952 hic
996 2897 1068 2952 illud
1111 2898 1260 2953 videndum
1302 2899 1346 2952 est

205 2968 357 3035 interfecit,
380 2968 431 3023 das
455 2967 649 3038 geuthnliche
668 2970 730 3024 Bai·
785 2969 834 3023 sch
848 2966 931 3023 ‘essen
953 2968 1072 3037 konnte,
1101 2967 1143 3022 als
1170 2968 1276 3039 gehore
1300 2967 1346 3022 die

171 3038 256 3109 spiel,
288 3057 315 3108 p.
344 3038 403 3094 Mil.
429 3055 464 3094 m.
516 3039 561 3094 Or.
590 3042 662 3108 part.
692 3056 732 3095 104
786 3038 1347 3108 gleichanzufiihrendeUnterscheidung

169 3110 266 3165 iurene
281 3108 417 3165 occiderit
427 3108 555 3180 Opimius
566 3109 731 3179 Gracchum,
785 3113 860 3165 etwa
882 3109 1047 3166 wesentlich
1070 3126 1103 3165 zu
1126 3110 1203 3180 dem,
1226 3127 1275 3163 um
1295 3109 1346 3165 das

170 3200 197 3236 u.
211 3181 311 3237 weiter
324 3185 411 3236 unten
422 3197 461 3236 ιον
476 3183 549 3236 sicut
558 3183 594 3238 ab
605 3182 730 3251 Opimio:
785 3196 815 3235 es
843 3179 905 3236 sich
937 3181 998 3236 hier
1030 3179 1185 3250 eigentlich
1218 3179 1345 3248 handelt,

169 3251 230 3307 iure
255 3252 310 3308 feci
335 3252 434 3308 salutis
459 3255 584 3308 omnium
610 3255 640 3309 et
665 3270 731 3309 con·
785 3268 819 3307 zu
837 3253 901 3306 dem
921 3252 1086 3308 wirhlichen
1111 3251 1209 3306 Reden
1229 3252 1345 3306 —eine

170 3325 322 3379 servandae
346 3324 517 3393 reipublicae
537 3342 634 3393 causa;
658 3326 730 3381 rela·
783 3321 925 3379 ironische
943 3311 1097 3393 husserung
1119 3322 1207 3376 wider
1230 3323 1276 3376 die
1295 3341 1346 3377 un-

170 3396 289 3463 tumque
308 3393 344 3449 ab
363 3393 450 3450 Decio
475 3399 529 3451 est:
556 3413 592 3452 ne
611 3397 728 3452 scelera·
784 3393 947 3465 prahtische
958 3392 1186 3464 Spitcfiudigheit
1195 3394 1244 3448 der
1254 3394 1345 3448 Theo

169 3463 312 3520 tissimum
322 3465 435 3533 quidem
445 3466 534 3522 civem
544 3466 604 3522 sine
613 3467 728 3537 iudicio,
782 3467 897 3521 retiher.

168 3535 231 3591 iure
258 3537 317 3591 ulio
345 3553 446 3592 necare
477 3538 610 3607 potuisti;
641 3539 729 3593 oritur
819 3542 861 3593 14.
885 3538 1040 3608 impolitum
1058 3536 1120 3591 hier
1137 3536 1217 3590 nicht
1236 3535 1345 3605 cigent-

169 3605 221 3662 illa
246 3607 427 3677 disceptatio:
459 3609 621 3677 potueritne
653 3612 728 3664 recte
782 3607 853 3676 lioh,
872 3608 925 3663 wie
944 3610 1035 3677 sonst,
1055 3605 1263 3677 ‘ungehobelt’,
1282 3622 1345 3660 son-

169 3677 270 3733 selutis
306 3678 480 3749 reipublicae
512 3696 597 3736 causa
629 3680 729 3751 civem,
783 3679 864 3734 dern:
880 3679 971 3733 ‘nicht
981 3678 1068 3732 durch
1082 3678 1128 3733 die
1137 3678 1245 3744 Praxis,
1255 3677 1345 3733 durch

169 3765 328 3805 eversorem
364 3749 501 3820 civitatis,
535 3751 729 3809 indemnatum
786 3749 936 3820 lebendige
967 3749 1127 3820 Erfahrung
1158 3748 1343 3820 gestahlt'3

168 3829 287 3877 necare?
786 3820 831 3875 ihr
849 3820 1046 3876 Grundirrtum
1064 3821 1120 3890 (die
1135 3820 1256 3890 Teilung
1274 3820 1345 3874 aller

205 3898 230 3947 4.
250 3893 330 3950 tolle.
346 3909 448 3949 ‚ccccc
461 3909 518 3950 noc
532 3895 592 3949 crit.
625 3892 679 3948 Dio
692 3893 731 3948 im
786 3889 904 3947 Gebicte
933 3891 981 3946 der
1007 3891 1172 3948 Redehunst
1194 3893 1224 3946 in
1246 3889 1345 3953 θέσεις

169 3962 333 4018 Deutschen
351 3965 430 4018 nicht
448 3964 647 4034 hincugefiigte
661 3964 730 4020 Ver·
786 3963 844 4017 und
862 3958 1024 4032 ὑποθέσεις,
1044 3981 1065 4019 s.
1085 3963 1157 4019 Einl.
1177 3962 1203 4016 ΙΙ
1222 3968 1267 4028 §2
1286 3962 1345 4016 und

169 4033 297 4103 hindung
317 4035 398 4104 ‘und,
417 4037 475 4089 und
494 4035 580 4092 dann’
601 4035 673 4090 wird
690 4035 730 4090 im
785 4035 867 4088 Anm.
887 4035 914 4102 5)
936 4034 1054 4090 beweist
1075 4035 1175 4101 schon,
1202 4032 1256 4087 mit
1278 4033 1345 4088 wel-

168 4105 277 4160 Latein.
297 4106 381 4161 meist
399 4108 593 4177 ausgelassen,
616 4107 664 4162 hei
682 4106 729 4161 bo·
784 4104 865 4161 chem
875 4104 982 4162 Rechte
992 4107 1167 4162 diesoLeute
1174 4103 1234 4158 sich
1242 4105 1345 4159 auditi

170 4177 302 4233 sonderer
320 4176 460 4247 Emphase
479 4177 568 4233 durch
585 4183 645 4234 tum
663 4178 731 4234 oder
784 4193 907 4244 nennen,
934 4176 974 4231 sie
1001 4177 1046 4232 die
1070 4177 1141 4231 eben
1163 4174 1237 4229 noch
1265 4175 1346 4228 nicht

169 4247 670 4376 iai'ffi⁰·dur⁰h1⁶t³u⁸⁸⁰dffl⁰ki'
785 4247 904 4372 ausdder
925 4247 1012 4373 Schpr
1031 4243 1181 4371 her‘rtiirii
1197 4244 1345 4371 pippdapp-

224 4363 231 4376 .
298 4337 403 4392 speum,
451 4336 498 4376 sos.
785 4335 835 4373 son
856 4335 914 4386 ern,
933 4334 1071 4374 cremer
1102 4335 1114 4370 s
1176 4334 1195 4384 p
1332 4348 1344 4359 -

201 4397 301 4448 conara
319 4393 390 4463 leues
407 4393 533 4461 limacea·
551 4409 581 4448 as
600 4391 639 4449 ist
658 4393 732 4449 etwu
784 4389 921 4462 gestchlt’
938 4388 1010 4446 sind.
1038 4387 1143 4483 Vgip.
1154 4386 1179 4445 d.
1195 4386 1344 4444 irrithnh.
