2856 4770
124 215 190 281 230
491 217 540 271 DE
560 217 731 274 ORATORE
750 217 776 273 H
794 225 820 288 4,
839 235 872 275 ιι.
889 235 921 275 re.

124 382 158 444 et
171 383 205 445 te
220 382 360 447 exorabo
374 381 529 466 profecto,
548 384 585 447 ut
603 381 684 446 mihi
704 404 831 468 quoque
850 386 884 447 et
897 379 1012 448 Catulo
1032 387 1108 448 tuae
1123 385 1294 451 suavitatis

125 469 246 553 aliquid
260 470 438 555 impertias.
466 469 523 536 Sin
537 471 598 536 tibi
611 471 646 535 id
660 471 767 536 minus
781 470 907 556 libebit,
925 493 992 536 non
1007 475 1039 536 te
1055 473 1177 558 urgebo
1191 495 1294 559 neque

125 558 335 643 committam,
353 563 399 642 ut,
422 559 498 624 dum
516 581 645 624 vereare
663 562 700 624 tu
718 581 759 625 ne
779 560 823 626 sis
841 561 980 645 ineptus,
1002 583 1054 625 me
1077 583 1146 626 esse
1165 562 1324 630 iudicesa

71 663 105 711 17
213 647 296 712 Tum
325 649 407 712 ille:
437 648 510 734 Ego
541 648 738 733 mehercule,
767 650 890 734 inquit,
913 647 1046 730 Caesar,
1078 672 1117 714 ex
1144 651 1322 717 omnibusr

124 734 250 801 Latinis
277 736 384 802 verbis
412 737 506 802 huius
534 737 625 802 verbi
652 737 719 802 vim
746 738 799 802 vel
827 738 1000 803 maximam
1024 760 1150 824 semper
1173 741 1295 823 putavi.

125 824 227 901 Quem
251 826 336 889 enim
358 847 418 891 nos
442 825 588 910 ineptum
611 847 773 906 vocamus,
795 827 824 892 ia
845 827 926 892 mihi
944 827 1070 892 videtur
1089 828 1129 893 ab
1154 828 1216 894 hoo
1238 851 1295 894 no-

124 934 198 978 men
225 913 345 979 habere
373 914 519 1000 ductum,
547 915 632 1001 quod
660 936 726 980 non
755 916 798 980 sit
825 919 936 1000 aptus,
958 915 1055 1000 idque
1078 917 1112 981 in
1136 918 1295 984 sermonis

123 1002 229 1067 nostri
252 1003 481 1069 consuetudine
504 1006 628 1088 perlate
651 1007 750 1088 patet.
797 1002 828 1068 N
831 1026 883 1069 am
908 1004 963 1089 qui
987 1009 1044 1069 aut
1066 1008 1194 1089 tempus
1218 1006 1323 1091 quide

123 1091 269 1174 postulet
297 1114 364 1158 non
393 1092 489 1178 videt,
519 1097 576 1158 aut
604 1094 698 1178 plura
721 1093 878 1179 loquitur,
909 1095 967 1158 aut
990 1115 1024 1158 se
1049 1097 1207 1177 ostentat,
1238 1100 1322 1160 aute

125 1177 249 1263 eorum,
278 1181 469 1265 quibuscum
497 1185 560 1266 est,
586 1182 638 1248 vel
666 1181 837 1267 dignitatis
865 1183 917 1247 vel
945 1183 1106 1248 commodi
1133 1183 1294 1249 rationem
1309 1211 1339 1251 ιι

123 1289 190 1334 non
213 1268 326 1353 habet,
348 1272 406 1334 aut
428 1269 565 1355 denique
592 1271 627 1336 in
654 1270 763 1354 aliquo
786 1291 902 1356 genere
926 1275 982 1336 aut
1004 1272 1214 1338 inconcinnus
1238 1277 1335 1339 autu

123 1357 245 1423 multus
273 1363 336 1441 est,
363 1359 392 1424 is
419 1359 548 1443 ineptus
579 1380 650 1425 ease
677 1359 802 1426 dieitur.
847 1358 919 1425 Hoo
946 1361 1027 1426 vitio
1056 1361 1222 1426 cumulata
1244 1366 1295 1426 est
1309 1390 1337 1430 ιι

70 1463 104 1512 18
123 1446 344 1512 eruditissima
361 1448 418 1512 illa
432 1445 628 1513 Graecorum
645 1447 745 1514 natio.
780 1447 895 1533 Itaque
914 1449 1000 1534 quod
1018 1449 1084 1514 vim
1102 1450 1197 1514 huius
1216 1450 1293 1515 mali
1309 1478 1337 1518 ιι

123 1532 238 1600 Graeci
264 1557 331 1601 non
360 1537 487 1621 vident,
516 1558 557 1602 ue
587 1559 706 1603 nomen
736 1536 865 1622 quidem
895 1538 925 1602 ei
955 1537 1035 1603 vitio
1059 1539 1293 1622 imposuerunt

122 1621 169 1689 Ut
191 1625 277 1689 enim
305 1647 441 1711 quaeras
469 1627 591 1711 omnia,
619 1626 779 1712 quomodo
804 1624 919 1691 Graeci
946 1626 1092 1711 ineptum
1121 1629 1294 1712 appellent,
1396 1663 1397 1667 =

122 1734 189 1779 non
202 1715 351 1798 reperies.
388 1714 540 1780 Omnium
559 1721 669 1781 autem
686 1715 894 1800 ineptiarum,
912 1737 995 1800 quae
1015 1716 1337 1785 suntinnumera·1e

160 1859 185 1910 3.
204 1853 338 1910 committo
355 1857 396 1921 at,
415 1869 444 1908 es
462 1852 522 1908 sioh
535 1872 568 1908 zu
583 1853 680 1909 Sohul·
733 1852 854 1908 Beziehu
905 1896 913 1924 ,
945 1853 1007 1908 eine
1038 1854 1293 1910 unbestimmte

125 1922 679 1994 denkommen,siehnaohsagenlassen.
734 1924 858 1980 einzelne
906 1924 1041 1994 eaiehung
1064 1924 1134 1980 wird
1157 1926 1212 1979 den
1234 1925 1293 1980 be-

123 2009 171 2050 aee.
734 1995 927 2050 stimmten
963 1995 1107 2050 einzelnen
1142 1995 1292 2066 vorherge·

158 2070 184 2120 4.
203 2064 255 2120 Die
278 2064 426 2121 seheinbar
448 2065 580 2137 aufdllige
597 2066 680 2122 Erbr·
732 2069 858 2122 nannten
880 2066 1078 2135 Beziehungen
1103 2069 1292 2138 entgegenge-

123 2137 225 2206 terung
253 2136 302 2191 des
329 2137 465 2207 Begriffes
492 2154 548 2192 von
571 2139 680 2208 ineptes
733 2138 819 2192 stellt.
856 2137 928 2193 Dem
950 2143 1000 2193 out
1022 2138 1052 2192 in
1075 2138 1170 2208 aliquo
1189 2154 1293 2209 genere

122 2206 679 2279 htngtmitdemnaohfolgendenHaupt-
732 2207 825 2264 istaut
835 2209 1072 2265 inconcinnusuat
1081 2209 1187 2264 multus
1198 2211 1291 2264 unter-

123 2279 220 2334 thema
230 2279 295 2333 sehr
303 2295 396 2347 genau
405 2297 575 2348 zusammen,
587 2279 682 2335 indem
735 2281 880 2350 geordnet.
916 2297 951 2335 re.
971 2296 1018 2336 ure.

124 2365 153 2405 es
172 2350 279 2404 rowohl
297 2349 343 2405 bei
362 2349 412 2405 der
425 2351 551 2406 inventio
570 2352 612 2406 als
632 2351 682 2405 der
770 2353 953 2408 inconcinnus
985 2351 1065 2406 nieht
1096 2349 1291 2420 sehmiegsam,

124 2420 284 2488 collocatio,
311 2420 344 2490 ja
374 2422 447 2476 auch
471 2422 521 2477 der
545 2423 682 2478 memoria
734 2421 814 2476 nieht
836 2413 1033 2492 naehgiebig,'
1047 2423 1205 2490 unbequem
1234 2422 1291 2476 vl.

122 2491 317 2547 vomehmlioh
331 2493 434 2548 darauf
449 2494 603 2561 ankommt,
622 2491 680 2548 dall
733 2491 799 2548 Hor.
819 2495 872 2546 sat.
893 2495 905 2547 I
934 2500 959 2561 3,
979 2498 1014 2546 48
1023 2491 1076 2562 fg.:
1094 2493 1233 2562 ineptus
1252 2440 1293 2548 lt

123 2562 233 2617 r'iberull
260 2562 306 2618 die
335 2563 491 2634 gehbrigen
519 2563 681 2620 Sehranken
732 2563 884 2618 iactantior
897 2564 943 2617 hio
957 2563 1052 2633 paullo
1072 2564 1129 2617 est:
1148 2563 1291 2618 oonoin-

122 2635 202 2690 reoht
216 2634 396 2705 eingehalten
408 2637 521 2691 werden
534 2636 591 2691 und
601 2634 679 2691 Alles
732 2651 793 2690 nus
812 2635 916 2689 amico·
934 2632 1063 2689 Postulat
1081 2636 1113 2688 ut
1129 2633 1266 2692 videatur.

124 2721 174 2760 suo
199 2708 338 2775 tempore,
369 2707 431 2762 loeo
457 2711 486 2762 et
512 2707 607 2762 ordine
632 2725 680 2778 ge·
772 2711 813 2761 12.
833 2707 944 2774 multae,
964 2705 1013 2760 der
1036 2723 1069 2758 zu
1083 2705 1140 2760 viel
1154 2706 1291 2761 sohw'atzt

124 2776 236 2832 sohehe.
266 2764 680 2847 llberd.aptedieereIIIa1off.
735 2777 795 2846 (ete)
825 2796 852 2831 u.
881 2776 965 2832 dabei
992 2776 1157 2831 fibertreibt.
1198 2776 1290 2832 Plaut.

159 2852 184 2903 8.
203 2853 307 2930 tempor
319 2849 388 2918 quid
397 2849 529 2918 poetalet:
548 2845 679 2932 ἄκιιιροςς
733 2848 807 2904 Men.
826 2848 852 2901 H
871 2854 895 2916 2,
914 2864 940 2902 41
962 2848 1017 2930 beu
1034 2846 1129 2930 hercle
1140 2846 1291 2930 ‘hominem

122 2920 680 3060 remediat.rastra
733 2918 1291 3071 ldae{trirrtdldttri

123 3059 185 3116 hier
202 3060 255 3116 wie
274 3061 355 3130 diter,
374 3077 456 3116 wenn
473 3077 504 3117 er
522 3076 614 3131 gegen
633 3061 679 3117 die
733 3061 811 3114 ouius
830 3060 988 3129 loquaoutas
1012 3060 1100 3115 habet
1120 3059 1228 3129 ahquid
1247 3077 1290 3116 ar-

123 3131 262 3187 Grieohen
280 3131 453 3202 polemisiert
472 3133 539 3203 (vgl.
558 3149 583 3188 a.
600 3133 680 3188 Tuso.
736 3130 892 3201 gutiarum
929 3131 959 3184 in
991 3132 1164 3186 orationibus
1196 3133 1291 3186 autem

122 3202 150 3257 II
167 3205 204 3272 ea)
229 3223 262 3258 zu
285 3203 359 3260 weit.
395 3205 475 3259 Deun
494 3202 539 3259 die
558 3201 681 3274 Begriffe
735 3202 840 3256 multus
859 3204 888 3256 et
905 3201 1032 3270 ineptum
1051 3218 1081 3257 so
1099 3201 1173 3256 naoh
1192 3205 1224 3259 A.
1244 3204 1289 3258 W.

123 3271 242 3344 ἄκαιρος
250 3275 308 3330 und
317 3271 423 3338 ἄτοπος
437 3274 527 3344 geben
542 3273 681 3331 vielmehr
734 3273 849 3342 Zumpts
868 3271 1056 3341 Herstellung.

124 3346 190 3401 weit
208 3363 358 3416 genauer
379 3346 430 3401 das
453 3344 549 3402 latein.
569 3346 680 3415 ineptus
768 3345 924 3411 cumulata,
947 3344 959 3397 1
982 3358 1009 3398 ao
1036 3343 1112 3398 omni
1135 3344 1218 3400 laude
1244 3361 1292 3399 ou·

125 3416 242 3484 wieder,
261 3417 298 3472 da
315 3417 346 3471 in
362 3417 449 3472 ihnen
467 3416 541 3472 nooh
560 3417 610 3472 das
629 3417 679 3471 der
733 3417 856 3470 mulatus
885 3417 992 3479 oraton
1016 3412 1118 3470 anoil.
1147 3432 1192 3487 ap.
1218 3416 1290 3473 Non.

125 3487 186 3542 Zeit
208 3487 412 3560 (Gelegenheit)
439 3488 497 3543 und
523 3488 587 3543 dem
612 3486 678 3543 Orto
733 3504 755 3541 e.
775 3493 791 3541 2
809 3486 894 3542 homo
909 3483 1105 3554 ineptitudinis
1120 3485 1290 3556 cumulatus,

125 3559 314 3629 (Umgebung)
333 3557 498 3629 Ungemdlle
516 3560 550 3629 (s.
564 3561 600 3629 o.)
619 3558 683 3613 lrlar
736 3557 797 3613 hier
815 3557 868 3612 mit
885 3555 1056 3612 Naohdruok
1079 3557 1290 3629 vorangestellt.

125 3630 320 3687 determiniert
346 3632 429 3698 wird,
461 3646 518 3684 was
552 3630 602 3684 das
630 3630 680 3687 lat.
772 3634 813 3683 13.
833 3628 1081 3684 eruditissimaillo
1094 3629 1159 3698 „die
1173 3630 1246 3684 doeh
1259 3645 1291 3683 so

124 3703 207 3771 aptus
226 3721 252 3757 u.
272 3703 383 3792 ineptus
407 3709 438 3757 in
456 3701 516 3756 rich
533 3701 681 3770 vereinigt.
735 3697 1095 3768 hochgebildeteNation“,
1111 3718 1173 3755 aum
1184 3697 1291 3777 Beweis

123 3772 176 3828 Die
190 3774 289 3827 Worte
308 3770 441 3843 ασχήμων
459 3791 487 3828 u.
507 3767 681 3842 ἀνάρμοστος
735 3768 1289 3833 dassdieeruditioausiehvor'raktlong·

123 3845 231 3900 deoken
254 3843 364 3900 freilioh
392 3846 442 3899 das
470 3845 583 3912 ineptus
608 3844 681 3897 noeh
734 3841 796 3895 keit
817 3841 875 3896 und
898 3841 1088 3912 pralrtisehem
1112 3834 1290 3909 Ungeeohiok

122 3915 210 3970 nieht.
243 3914 300 3971 Das
314 3916 376 3970 Lat.
395 3917 447 3971 hat
463 3916 537 3969 nooh
556 3913 603 3969 die
621 3930 681 3968 ver·
735 3910 806 3967 aller
822 3910 876 3967 Art
892 3911 966 3967 nooh
983 3913 1063 3968 nieht
1081 3910 1201 3977 sohdtat‚
1226 3923 1290 3961 son·

123 3986 256 4042 wandten
266 3985 387 4056 Begriffe
402 3988 574 4057 opportunus
588 4004 615 4040 u.
629 3985 681 4039 im·
735 3984 805 4037 dern
823 3982 862 4037 im
877 3982 1026 4054 Gegenteil
1040 3982 1134 4039 beidee
1153 3980 1207 4033 mit
1225 3979 1289 4034 dem

122 4058 259 4128 portunus
277 4058 304 4112 ll
326 4074 360 4126 ιιι
380 4057 420 4111 ΠΙ
438 4073 472 4113 re.
735 4054 932 4109 Wisrensrtola
965 4056 1014 4111 dee
1046 4051 1206 4109 Dootrintrs
1239 4066 1290 4119 gar

159 4135 184 4185 9.
208 4131 296 4200 plara
320 4155 354 4175 =
377 4127 459 4200 plura
486 4142 572 4198 quam
600 4127 683 4183 decet
735 4125 778 4182 oft
791 4124 953 4181 verbunden
970 4127 1016 4183 ist.
1052 4122 1109 4177 Das
1123 4119 1289 4178 Gonoessive

122 4200 140 4258 i.
159 4217 183 4256 e.
202 4219 235 4255 au
254 4200 319 4256 viel.
735 4197 807 4266 liegt
823 4195 854 4249 in
873 4197 922 4252 der
940 4193 1151 4265 Wortstellung.

160 4277 202 4327 10.
221 4273 382 4343 quibuscum
408 4276 460 4340 eat,
484 4271 561 4326 aeine
579 4271 681 4343 Umge·
773 4273 814 4323 16.
833 4269 1010 4336 ineptiarum,
1028 4263 1214 4320 Gesehmaek-
1232 4262 1291 4319 und

121 4342 208 4412 burg.
734 4337 991 4409 Taktlosigkeiten,
1027 4335 1290 4407 Ungezogenheiten

146 4419 191 4464 11.
200 4412 596 4485 aaaopuoyeneremirgend
604 4412 682 4469 einer
734 4410 818 4476 11113
843 4411 920 4466 Brut.
941 4423 988 4466 ιιι.
