2856 4770
125 209 190 275 232
484 209 533 263 DE
553 208 724 265 ORATORE
743 208 770 264 Il
789 215 814 278 6,
834 223 930 264 22-22.

126 395 222 458 quam
240 372 276 437 in
295 373 343 438 eis
361 371 552 457 philosophi¹
570 372 693 457 garrire
712 373 895 456 coeperunt,
919 374 951 436 et
969 371 1030 436 hoe
1049 371 1122 456 ipso
1141 374 1323 455 tempore,1

125 484 198 526 cum
221 462 332 527 omnia
356 463 527 547 gymnasia
549 459 736 543 philosophi
759 464 905 544 teneant,
932 463 1042 525 tamen
1070 481 1181 525 eorum
1206 459 1297 524 audi-

125 558 212 616 tores
236 551 359 615 discum
384 551 493 615 audire
517 549 868 634 quampbilosophum
892 550 1032 633 221221,
1061 550 1116 633 qui
1140 549 1235 613 simul
1260 552 1297 613 ut

125 639 295 722 increpuit,
317 641 352 704 in
374 639 481 703 media
504 637 650 703 oratione
675 636 714 702 de
738 638 887 702 maximis
914 638 1011 702 rebus
1036 640 1069 702 et
1092 638 1322 722 gravissimise

125 727 344 812 disputantem
371 726 601 812 philosophum
634 749 746 792 omnes
779 726 940 792 unctionis
973 749 1071 791 causa
1099 726 1296 810 relinquunt.

71 817 176 883 22112
198 817 395 882 levissimam
419 816 665 880 delectationem
690 816 911 900 gravissimae,
934 820 971 880 21
989 815 1051 900 ipsi
1070 815 1187 897 ferunt,
1209 815 1296 879 utili-

125 906 186 970 tati
201 910 410 990 anteponunt
443 905 554 970 Otium
570 908 677 969 autem
692 905 779 989 quod
794 904 872 969 11212
888 926 967 986 2222,
987 903 1164 989 2112221122,
1182 925 1293 968 rerum

89 1002 108 1056 6
127 995 185 1059 2111
208 995 332 1059 1222122
356 999 494 1059 estnon
517 993 681 1059 contentio
705 993 813 1078 animi,
836 993 892 1058 221
915 993 1082 1058 relaxatio.
1128 991 1231 1075 Saepe
1255 1011 1321 1056 exa

125 1104 235 1149 socero
266 1105 338 1149 meo
371 1083 495 1164 audivi,
527 1104 600 1147 eum
629 1083 657 1146 is
687 1082 824 1166 diceret,
855 1104 1002 1147 socerum
1031 1104 1125 1146 suum
1148 1081 1293 1145 Laelium

125 1193 252 1256 semper
269 1173 337 1236 fere
356 1194 428 1236 cum
443 1169 592 1255 Scipione
612 1171 744 1236 solitum
763 1171 914 1236 rusticari
928 1192 1045 1254 eosque
1060 1169 1295 1235 incredibiliter
1309 1190 1336 1228 10

124 1282 350 1344 repuerascere
374 1282 444 1326 esse
469 1261 593 1344 solitos,
617 1281 689 1324 cum
712 1281 766 1324 rus
792 1282 830 1324 ex
854 1261 933 1324 urbe
956 1262 1123 1343 tamquam
1142 1281 1159 1322 e
1178 1258 1294 1323 vinclis

124 1350 352 1415 evolavissent.
397 1349 473 1415 Non
500 1348 602 1414 audeo
635 1349 738 1413 dicere
767 1347 805 1412 de
832 1349 952 1413 talibus
980 1348 1072 1431 viris,
1100 1347 1156 1412 sed
1184 1353 1295 1412 tamen

123 1439 171 1503 ita
184 1439 267 1504 solet
285 1442 417 1503 narrare
432 1435 597 1521 Scaevola,
617 1437 757 1502 conchas
777 1459 831 1502 eos
851 1441 884 1502 et
902 1436 1073 1502 umbilicos
1093 1436 1133 1502 ad
1147 1434 1294 1589 Oaieffm
1308 1456 1334 1495 ra

124 1531 157 1591 21
180 1527 221 1594 21
239 1527 438 1592 Laurentum
461 1528 568 1612 legere
591 1548 764 1591 consuesse
788 1529 820 1590 21
844 1527 883 1590 21
907 1548 1035 1592 omnem
1059 1526 1159 1590 animi
1181 1548 1216 1590 22
1252 1526 1295 1589 12-

70 1633 104 1682 23
124 1616 248 1681 sionem
274 1617 448 1701 ludumque
476 1615 676 1681 descendere.
723 1614 775 1680 Sic
803 1616 889 1679 enim
921 1637 973 1679 res
1007 1636 1076 1679 2222
1108 1614 1221 1698 12121,
1248 1618 1295 1698 21,
1309 1632 1335 1673 12

124 1705 394 1789 quemadmodum
417 1706 564 1770 volueres
587 1704 733 1769 videmus
761 1703 992 1789 procreationis
1022 1708 1117 1787 atque
1140 1703 1294 1768 utilitatis

123 1816 199 1858 suae
223 1816 320 1859 causa
344 1794 497 1879 effingere
520 1797 552 1857 et
575 1797 762 1858 construere
785 1793 893 1873 nidos,
922 1793 1050 1856 easdem
1075 1795 1196 1876 autem,
1220 1814 1293 1856 cum

123 1882 245 1967 aliquid
269 1882 445 1966 effecerint,
473 1882 604 1947 levandi
627 1882 750 1947 laboris
776 1883 825 1946 sui
849 1903 959 1964 causa,
985 1881 1108 1965 passim
1132 1902 1170 1946 ac
1192 1881 1293 1946 libere

123 1972 247 2036 solutas
279 1993 373 2054 opere
405 1971 559 2052 volitare,
594 1971 640 2036 sic
668 1971 774 2036 nostri
811 1970 911 2035 animi
940 1970 1079 2054 negotiis
1109 1970 1293 2035 forensibus

123 2063 219 2143 atque
243 2060 368 2125 urbano
392 2081 488 2144 opere
512 2059 631 2124 defessi
654 2060 799 2143 gestiant
822 2081 860 2124 ac
882 2059 1019 2125 volitare
1044 2058 1176 2142 cupiant
1199 2059 1292 2123 vacui
1306 2076 1333 2116 20

69 2165 199 2213 arcura
219 2170 256 2214 22
274 2149 394 2214 121222.
430 2149 545 2233 Itaque
564 2148 646 2213 illud
667 2170 737 2233 ego,
760 2149 847 2233 quod
869 2149 904 2213 in
924 2170 1021 2213 22222
1040 2145 1182 2213 Curiana
1201 2145 1292 2212 Scae·
1306 2165 1332 2204 21

159 2327 182 2377 1.
206 2323 255 2377 122
278 2327 407 2392 tempore,
429 2339 490 2378 eum
508 2353 542 2363 —
562 2327 679 2390 teneaat,
734 2322 820 2377 soliti.
851 2322 944 2378 Valer.
959 2323 1032 2376 1122.
1047 2321 1114 2376 VIII
1133 2328 1148 2376 8
1167 2322 1213 2389 (dc
1232 2321 1292 2376 otio

122 2393 209 2448 sehon
236 2393 286 2447 das
313 2394 444 2461 folgende
474 2398 570 2448 tamen
596 2395 678 2464 zeigt,
734 2394 861 2462 laudato)
880 2394 961 2447 rPar
975 2409 1058 2448 verae
1073 2392 1215 2448 amicitiae
1234 2393 1291 2446 cla-

122 2461 178 2518 1211
202 2465 255 2519 mit
281 2465 331 2520 der
352 2464 606 2535 Zeitbestimmung
633 2483 679 2519 au·
734 2463 875 2518 riarimum
902 2462 995 2532 Scipio
1022 2467 1052 2519 et
1075 2462 1200 2531 Laelius,
1227 2477 1289 2516 curn

123 2535 217 2604 gleich
227 2535 273 2590 ein
287 2535 462 2591 concessiver
471 2535 605 2591 Gedanlre
619 2553 680 2591 ver·
703 2577 706 2584 .
735 2535 837 2589 amoris
852 2534 974 2602 vinculo,
988 2537 1048 2589 tum
1064 2534 1151 2588 etiam
1165 2531 1288 2588 omnium

121 2606 234 2661 bunden
257 2607 305 2662 sei.
342 2625 369 2677 p.
392 2606 452 2662 Mil.
476 2623 502 2662 aa
530 2606 598 2677 quin
625 2606 681 2661 hoc
733 2604 1290 2672 212121221212222122211222121212,

121 2680 248 2746 ternpore
271 2678 347 2747 ipso,
372 2695 435 2733 cum
460 2675 557 2733 omn'es
575 2695 593 2733 a
609 2677 680 2732 meis
733 2677 767 2732 ut
785 2679 914 2732 actuosae
932 2676 1009 2732 vitae
1023 2675 1078 2730 iter
1096 2675 1210 2746 aequali
1227 2691 1289 2746 gra-

119 2746 242 2802 inimicis
260 2749 336 2804 12222
358 2749 481 2804 invidiae
504 2765 583 2804 meae
603 2749 678 2804 subi·
732 2748 771 2802 du
780 2747 1014 2816 exsequebantur,
1030 2748 1074 2802 ita
1082 2747 1169 2802 animi
1180 2763 1290 2816 quoque

122 2818 240 2886 cientur,
258 2821 353 2872 tamen
372 2851 406 2860 —
426 2820 605 2874 celebramur.
730 2817 889 2874 remissioni
920 2817 1106 2874 communiter
1133 2817 1290 2886 acquiesce·

155 2894 181 2944 4.
187 2889 516 2957 dismmoudiremalcat,
527 2890 679 2944 dasLeben
732 2891 809 2945 bant.
839 2891 956 2945 Constat
968 2907 1098 2958 namque,
1114 2905 1161 2943 eos
1172 2887 1289 2943 Caietae

120 2959 678 3030 12121221221212111322211222122
733 2963 762 3014 et
774 2960 908 3015 Laurenti
921 2977 1008 3031 vagos
1027 2960 1156 3016 litoribus
1175 2959 1289 3013 conchae

120 3032 177 3085 und
191 3031 404 3101 urspriingliche
418 3031 613 3101 Bestimmnng
629 3032 679 3086 der
732 3033 775 3086 loc
792 3037 817 3086 et
835 3033 953 3086 22122122
976 3031 1132 3098 lectitasse;
1155 3028 1240 3098 idque
1260 3047 1289 3084 se

120 3100 289 3171 Gymnasien
303 3103 399 3158 macht
416 3103 477 3157 sich
491 3103 601 3157 verder
614 3105 679 3172 sp'a-
731 3102 762 3158 L.
782 3102 896 3157 Crassus
916 3120 950 3157 ex
968 3118 1064 3157 socero
1084 3119 1134 3157 222
1154 3101 1186 3166 Q.
1207 3100 1288 3155 Scae·

119 3176 164 3228 ter
173 3189 413 3242 angenommenen
421 3174 467 3228 bei
477 3172 554 3228 einer
563 3173 676 3228 solchen
730 3174 803 3242 vola,
823 3174 872 3242 qui
891 3190 975 3243 gener
987 3173 1078 3228 Laelii
1095 3173 1158 3242 1211,
1176 3170 1288 3227 audisse

120 3243 305 3313 Gelegenheit
322 3246 426 3300 wieder
445 3244 569 3314 geltend.
605 3244 676 3298 Dern
731 3261 930 3313 saepenumero
949 3243 1132 3314 praedicavit.

119 3315 297 3370 nattirlichen
315 3317 420 3386 griech.
436 3315 676 3371 Volkscharakter
767 3322 808 3370 13.
828 3317 865 3371 ort
880 3315 1002 3371 Caietam
1015 3322 1041 3372 et
1054 3317 1091 3371 ad
1105 3315 1288 3381 Laurentum,

119 3388 305 3456 entsprachen
328 3386 416 3458 dergl.
440 3386 675 3457 Leibesubungen
730 3386 794 3442 dort
812 3385 841 3441 in
859 3388 914 3442 den
932 3387 1043 3442 reizend
1062 3386 1217 3456 gelegenen
1236 3385 1288 3440 Ge·

119 3457 193 3525 eher,
210 3459 251 3511 als
263 3458 328 3527 jene
338 3457 440 3526 philos.
451 3458 674 3528 Disputationen.
729 3457 840 3529 genden
855 3474 891 3512 an
905 3459 954 3513 der
966 3457 1167 3527 Meereskfiste,
1182 3474 1226 3513 wo
1241 3457 1287 3512 be·

154 3531 284 3583 12212112
293 3531 425 3597 cretione,
439 3530 577 3584 trotzdem
588 3530 675 3583 achon
729 3529 844 3584 sonders
863 3531 958 3599 spater
975 3527 1049 3584 viole
1072 3527 1166 3585 reiehe
1185 3530 1289 3584 Rtmer

119 3598 164 3655 die
188 3597 341 3668 Spennung
372 3601 428 3654 und
457 3600 507 3655 das
534 3601 671 3654 Interesse
725 3599 787 3654 ihre
806 3600 900 3655 Villen
919 3601 1025 3655 hatten.

119 3687 164 3725 am
189 3671 365 3741 Gegenstand
393 3670 585 3727 bedentender
611 3671 671 3726 sein
764 3678 805 3726 15.
832 3673 1002 3740 descendere,
1021 3670 1081 3726 sich
1100 3671 1285 3741 hingegeben,

118 3739 244 3797 mullten.
728 3741 788 3796 sich
805 3741 1034 3812 herabgelassen.
1380 3807 1381 3810 Ἴ

153 3819 178 3868 8.
197 3814 248 3868 otii
265 3814 373 3881 fructus
392 3814 445 3869 wie
464 3813 477 3866 Ι
495 3829 516 3868 2.
763 3819 806 3867 20.
825 3815 952 3882 perticat,
968 3846 1001 3854 —
1015 3815 1132 3882 cupiant
1144 3811 1223 3867 nicht
1237 3823 1284 3875 ge-

152 3902 186 3939 22
199 3901 298 3954 socero,
313 3885 362 3940 der
375 3885 432 3940 alte
447 3884 574 3939 Sc‘avola.
600 3883 673 3938 Einl.
728 3882 832 3951 stiunt,
862 3883 979 3954 cupiunt
997 3883 1128 4009 Iprbrrohl
1153 3879 1212 3935 1122
1239 3877 1285 3932 112

116 3954 225 4023 1514,
244 3956 276 4010 A.
297 3971 344 4011 ror.
727 3955 847 4010 meister
865 3974 892 4010 u.
911 3958 978 4024 gnte
1025 3974 1045 4010 2.
1070 3954 1185 4016 haben);
1211 3949 1285 4003 denn

153 4031 194 4081 10.
213 4028 361 4096 rusticari,
380 4027 446 4082 Hor.
462 4029 514 4083 221.
529 4025 555 4080 Il
571 4032 595 4094 1,
610 4042 635 4082 rr
645 4024 673 4084 ff.
729 4025 775 4081 die
785 4025 931 4080 Annahme
942 4027 1017 4082 21222
1033 4020 1285 4080 222121211122122

116 4095 189 4162 Quin
212 4098 260 4153 ubi
284 4115 313 4153 22
336 4116 354 4154 2
376 4097 462 4168 vulgo
487 4101 515 4154 21
539 4113 622 4152 22222
645 4098 674 4152 12
727 4097 851 4166 indicat,
875 4095 928 4152 wie
953 4096 1055 4153 12211.
1085 4093 1125 4147 ΙΙΙ
1152 4107 1191 4161 45,
1222 4089 1287 4147 11111

116 4169 225 4222 secreta
249 4171 391 4224 remorant
410 4169 505 4226 Virtus
525 4167 674 4238 Scipiadae
728 4167 789 4222 sich
812 4167 874 4222 hier
901 4168 976 4224 wohl
1005 4163 1170 4222 schwerlich
1193 4164 1285 4218 recht-

115 4241 145 4292 et
171 4238 249 4293 mitis
278 4240 417 4310 sapientia
444 4240 537 4308 Laeli;
565 4238 673 4311 Nugari
727 4237 855 4308 tertigen.
893 4238 969 4294 Ε122
982 4238 1066 4310 ginge
1080 4235 1154 4289 noch
1169 4252 1212 4303 an,
1232 4234 1287 4288 mit

116 4326 178 4364 cum
202 4309 252 4366 illo
276 4312 325 4381 (22.
345 4311 465 4382 Lucilio)
490 4314 519 4367 21
542 4311 673 4367 discincti
726 4309 845 4364 Lambin
855 4312 886 4365 ut
895 4311 938 4365 als
948 4310 1051 4365 unecht
1066 4326 1099 4361 22
1109 4306 1285 4361 betraehten.

107 4380 220 4448 ludere,
254 4382 342 4438 donec
367 4384 576 4453 Decoqueretur
602 4382 672 4452 olus,
762 4377 1251 4452 21.022122221211122112121122.
1260 4382 1285 4431 8.
