2856 4770
120 207 187 271 260
446 290 450 301 ,
480 203 933 272 Duoaauoaa11m‚91.92.

121 370 291 453 exprimat,
313 389 381 432 non
404 372 440 432 ut
464 368 585 432 multos
608 367 790 433 imitatores
814 387 910 450 saepe
928 366 1076 450 cognovi,
1099 365 1156 451 qui
1175 369 1298 451 autea,

121 479 202 543 quae
234 457 343 522 facilia
375 459 465 534 sunt,
503 459 560 520 aut
597 457 696 521 etiam
733 455 803 538 illa,
840 476 921 539 quae
952 455 1094 540 insignia
1126 477 1163 520 ae
1194 473 1326 539 paones

67 562 101 612 91
120 547 248 630 vitiosa,
271 547 500 611 consectantur
517 544 686 610 imitando.
730 542 824 609 Nihil
846 546 896 608 est
917 542 1056 627 facilius,
1079 566 1177 628 quam
1200 542 1328 609 amic-³

120 639 190 700 tum
209 634 332 699 imitari
351 633 487 698 alicuius
507 637 563 697 aut
583 636 704 698 statum
725 636 782 698 aut
800 635 932 696 motum.
969 628 1004 695 Si
1017 653 1094 697 vero
1111 632 1210 697 etiam
1224 633 1297 697 viti·

121 724 170 789 osi
200 720 322 807 aliquid
352 726 415 800 est,
442 721 475 785 id
504 743 630 787 sumere
658 725 692 785 et
722 721 758 786 in
784 741 822 786 eo
853 720 932 784 vitio
964 721 1097 785 similem
1129 741 1200 785 esse
1232 736 1325 787 non⁵

120 833 276 897 magnum
298 813 358 894 est,
379 815 416 874 ut
438 811 507 893 ille,
536 810 591 895 qui
618 831 704 874 nunc
731 809 831 874 etiam
859 809 979 873 amissa
1001 830 1079 874 voce
1102 808 1182 873 furit
1204 809 1239 873 in
1261 826 1326 875 ree

120 900 264 984 publica,
288 898 411 982 Fufius,
438 919 555 963 nervos
582 899 617 962 in
644 897 778 963 dicendo
807 893 842 962 O.
871 896 1047 981 Fimbriae,
1075 919 1157 981 quos
1184 899 1325 964 samoni

120 988 237 1054 habuit
259 988 325 1072 ille,
347 1009 415 1053 non
438 987 639 1071 adsequitur,
663 987 729 1052 oris
751 986 948 1069 pravitatem
972 989 1005 1050 et
1027 986 1200 1051 verborum
1223 987 1326 1051 lati-⁸

121 1076 267 1142 tudinem
294 1077 453 1142 imitatur.
499 1073 561 1140 Sed
588 1080 700 1140 tamen
728 1074 785 1139 ille
812 1096 872 1141 nec
899 1073 1042 1159 deligere
1070 1075 1178 1160 scivit,
1206 1075 1326 1141 euiusa

122 1164 329 1250 potissimum
349 1165 467 1229 similis
487 1166 584 1248 esset,
602 1168 635 1228 et
653 1165 687 1228 in
706 1184 744 1229 eo
763 1163 845 1247 ipso,
865 1185 961 1247 quem
980 1163 1155 1248 delegerat,
1173 1162 1298 1229 imitari

68 1269 102 1320 92
122 1253 223 1320 etiam
247 1253 327 1318 vitia
349 1254 467 1336 voluit3
495 1253 551 1335 qui
575 1255 684 1317 autem
706 1253 754 1316 ita
776 1251 888 1335 faciet,
915 1255 952 1316 ut
980 1255 1128 1334 oportet,
1154 1251 1339 1335 primumn

120 1343 235 1428 vigilet
256 1362 388 1406 necesse
411 1342 519 1406 estin
542 1340 723 1424 deligendo,
746 1340 869 1424 deinde,
892 1361 987 1424 quem
1010 1340 1167 1425 probarit,
1190 1340 1225 1405 in
1248 1359 1339 1427 eo,12

122 1453 204 1517 quae
228 1431 368 1495 maxime
392 1429 561 1511 excellent,
585 1451 623 1494 ea
647 1429 896 1513 diligentissime
918 1431 1140 1513 persequatur.

211 1517 294 1594 Quid
325 1518 412 1583 enim
443 1539 558 1583 causae
590 1518 730 1582 censetis
760 1539 846 1601 esse,
877 1539 934 1582 cur
964 1521 1089 1582 aetates
1118 1518 1297 1584 extulerint
1312 1537 1340 1576 14

121 1608 272 1694 singulae
295 1607 425 1692 singula
447 1628 548 1692 prope
572 1625 691 1691 genera
714 1605 861 1671 dicendi?
900 1605 993 1682 Quod
1014 1628 1081 1671 non
1104 1609 1175 1671 tam
1198 1607 1296 1674 facile

120 1697 155 1761 in
173 1697 294 1762 nostris
312 1695 496 1764 oratoribus
514 1715 687 1780 possumus
706 1694 856 1778 iudicare,
875 1695 950 1777 quia
969 1695 1099 1779 scripta,
1118 1716 1157 1760 ex
1176 1696 1296 1780 quibus

120 1783 275 1850 iudicium
304 1785 372 1849 fieri
401 1788 530 1869 posset,
559 1805 627 1849 non
657 1784 761 1848 multa
790 1804 868 1848 sane
895 1783 1111 1868 reliquerunt,
1140 1806 1240 1869 quam
1262 1784 1297 1849 in

156 2035 182 2086 2.
200 2029 300 2103 facilia
317 2027 406 2088 leicht
423 2047 457 2088 zu
475 2029 628 2089 erreiohen.
770 2032 811 2095 11.
825 2028 974 2098 priuatam
984 2029 1038 2085 etc.
1048 2031 1244 2100 paratalrtisch
1256 2053 1294 2092 an

303 2105 677 2246 alavarum
731 2099 807 2234 a.
822 2098 1295 2250 ΨΨΨΨΨΨΨΨ

119 2268 150 2305 er
178 2253 308 2320 ranspert
336 2249 395 2304 und
424 2249 478 2305 πίε
508 2267 539 2305 er
567 2251 677 2321 spuckt,
732 2220 927 2319 scheldgung
936 2248 1157 2304 mit‘vvahrend'
1173 2248 1293 2312 vahlen.

119 2322 171 2377 das
188 2320 260 2376 habt
277 2322 323 2376 ihr
344 2321 403 2375 ihm
426 2321 572 2390 gldcklich
594 2323 677 2391 abge·
731 2321 786 2375 Mit
796 2321 891 2375 diesen
902 2317 1116 2376 Sohlussworten
1130 2321 1202 2377 vvird
1215 2323 1293 2378 obri-

119 2392 219 2462 guckt;
234 2392 301 2446 aber
320 2393 379 2447 sein
398 2392 498 2458 Genio,
521 2392 567 2447 ich
585 2392 677 2447 meina
732 2408 801 2462 gens
825 2391 913 2446 durch
937 2391 983 2445 die
1002 2391 1292 2466 Gegendberstellung

119 2462 180 2518 sein
189 2462 270 2517 Geist
279 2462 337 2519 sich
351 2462 432 2518 nicht
445 2462 497 2518 auf
504 2463 552 2518 der
561 2463 678 2518 Wacht·
732 2463 782 2518 des
804 2461 993 2517 lehlerhalten
1022 2464 1082 2529 (sed
1104 2464 1201 2520 tamen
1230 2465 1293 2536 ille)

118 2535 222 2660 parade
251 2535 353 2591 weistl'
384 2535 505 2590 Schiller
526 2534 677 2590 Wallenst.
731 2534 788 2589 und
807 2533 856 2590 dea
869 2535 1014 2590 nomalen
1028 2534 1235 2593 Verhdltnisses
1250 2539 1295 2664 ppt

142 2623 210 2678 ager
228 2613 253 2662 6.
264 2605 400 2663 numia.
732 2607 855 2677 oportet)
865 2606 957 2661 dieses
971 2607 1089 2662 letatere
1103 2606 1192 2665 selbot
1205 2626 1259 2665 noe
1280 2639 1292 2650 ·

155 2684 181 2734 5.
199 2695 315 2747 sumere,
339 2680 420 2735 Ovid.
446 2679 529 2735 Trist.
553 2679 579 2735 V
600 2684 628 2748 1,
652 2695 678 2735 ec
732 2679 804 2733 mals
838 2677 1060 2733 nachdriiclrlich
1088 2679 1215 2749 augleich
1244 2698 1295 2735 aur

120 2748 187 2815 Quis
211 2751 239 2804 le
263 2751 340 2804 mala
362 2767 471 2806 sumere
494 2750 589 2822 cogit?
620 2749 679 2805 Aut
732 2737 919 2819 llberleitnng
936 2766 999 2803 zum
1012 2749 1166 2819 folgenden
1178 2751 1294 2807 hervor-

120 2821 677 2891 quisdeceptumponeresumptavetat?
732 2822 870 2891 gehoben.
1294 2830 1299 2835 “

155 2893 187 2946 in
212 2907 242 2947 eo
266 2892 335 2946 vitio
359 2892 490 2958 similem,
515 2911 535 2947 s.
559 2891 586 2946 d.
609 2891 677 2946 krit.
769 2896 811 2946 12.
829 2892 937 2961 eipiiet,
960 2890 1006 2947 die
1025 2892 1126 2963 Augen
1149 2892 1223 2949 offen
1244 2893 1296 2950 ha·

119 2961 192 3016 Aah.
225 2961 290 3030 Vgl.
305 2960 383 3017 Brut.
403 2975 442 3017 aas
460 2961 505 3018 Ita
523 2962 678 3018 cavendum
731 2962 796 3017 ben.

119 3036 174 3100 est,
192 3049 228 3087 ne
246 3032 314 3101 quid
335 3032 365 3086 in
388 3032 498 3102 agendo
521 3033 677 3088 dicendove
767 3031 820 3087 Die
837 3031 927 3102 grosse
946 3032 1113 3104 Bedeutung
1131 3036 1181 3090 der
1198 3035 1293 3092 Nach-

118 3103 207 3159 facias
225 3103 305 3158 cuius
323 3101 447 3159 imitatio
466 3103 598 3159 rideatur.
631 3103 677 3158 Or.
733 3104 858 3172 ahmung
876 3103 951 3173 zeigt
969 3105 1029 3159 sich
1048 3106 1243 3162 vomehmlich
1261 3106 1293 3164 in

119 3191 166 3244 rvr,
189 3175 242 3230 hos
264 3191 331 3230 vero
353 3174 469 3229 minime
493 3175 609 3244 (laudo),
629 3173 678 3244 qui
733 3174 784 3228 der
802 3172 971 3229 Geschichte
994 3177 1044 3230 der
1066 3176 1172 3246 griech.
1192 3178 1295 3234 Bened-

119 3245 192 3301 nihil
205 3245 318 3301 illorum
332 3245 386 3301 nisi
399 3245 501 3301 vitium
515 3247 678 3314 sequuntur,
732 3243 866 3313 samkeit,
884 3245 981 3301 indem
999 3262 1086 3316 ganas
1104 3247 1244 3305 Perioden
1266 3251 1291 3306 'e

120 3334 183 3371 cum
216 3333 233 3371 a
264 3316 346 3373 bonis
378 3316 473 3373 absint
505 3316 677 3387 longissime.
732 3316 806 3370 nach
830 3317 894 3370 dem
916 3317 1153 3388 tonangebenden
1173 3320 1294 3376 Vorbid

156 3394 180 3443 6.
199 3403 329 3457 myrram
347 3393 386 3444 eet
403 3388 455 3443 πίε
473 3387 514 3441 Ill
532 3402 580 3443 151.
732 3385 815 3442 einen
846 3386 1026 3444 bestimmten
1055 3387 1211 3446 charakter
1242 3391 1293 3448 des

154 3460 257 3513 amissa
276 3474 347 3524 ecee,
360 3475 401 3522 ‘so
420 3454 524 3513 hat'er
547 3457 607 3513 sich
631 3459 679 3514 ab·
733 3457 928 3528 sprachlichen
956 3458 1137 3515 Ausdmclres
1166 3477 1202 3517 an
1232 3462 1294 3518 sich

119 3529 290 3600 geschrieen.
318 3530 375 3595 ille,
389 3527 531 3584 natdrlich
545 3528 678 3586 Fimbria.
731 3529 845 3597 tregam
864 3529 942 3583 Brut.
963 3545 1059 3587 as-es.
1096 3531 1161 3588 Tac.
1182 3533 1248 3588 dial.
1269 3550 1292 3590 c.

157 3605 180 3655 7.
199 3615 266 3670 quos
284 3605 376 3657 tamem
389 3599 462 3654 doch
472 3599 625 3670 jedenfalls
645 3603 678 3670 (s.
734 3603 767 3654 18
787 3603 839 3655 hoc
857 3601 971 3655 interim
989 3602 1124 3670 probasse
1143 3606 1293 3660 contentus

119 3670 215 3741 120⁵),
242 3686 310 3740 mag
332 3687 398 3726 man
427 3673 505 3726 sonst
532 3673 601 3726 uber
628 3669 679 3726 ihn
733 3687 809 3738 sum,
836 3688 893 3726 non
916 3687 977 3725 esse
1004 3689 1091 3726 unum
1114 3673 1293 3743 eloquentiae

120 3741 239 3809 denken,
259 3740 312 3795 πίε
331 3757 396 3795 man
414 3739 482 3796 vrill.
734 3741 852 3807 vultum,
876 3741 925 3795 sed
948 3742 978 3796 in
1000 3741 1058 3797 illis
1077 3760 1203 3814 quoque,
1222 3762 1294 3813 quos

156 3818 180 3869 8.
188 3813 329 3869 verborum
340 3812 524 3881 latitudinem,
535 3812 579 3867 die
588 3813 680 3868 breite
734 3812 842 3868 vocatis
857 3811 994 3881 antiquos,
1013 3815 1108 3884 plures
1123 3816 1231 3885 species
1246 3816 1296 3872 de-

119 3883 306 3953 Aussprache,
324 3882 527 3953 πλατειασμός,
546 3885 629 3938 vasta
646 3901 679 3940 ao
733 3883 884 3952 prehendi,
904 3900 955 3938 nec
974 3886 1070 3941 statim
1089 3887 1213 3942 deterius
1232 3904 1294 3944 ease

119 3954 585 4024 rusticaverborumpronuntiatio.
600 3955 679 4011 Illae.
735 3955 810 4022 quod
829 3952 970 4009 diversum
989 3958 1039 4012 est.

152 4027 319 4094 pravitatem
342 4027 413 4094 oria,
432 4023 607 4097 Verzerrung
630 4025 679 4080 des
760 4030 813 4099 ,ld
842 4030 951 4093 aetates,
973 4043 1078 4083 vvarum
1099 4027 1130 4097 je
1158 4028 1219 4083 dine
1242 4028 1294 4085 Pe-

119 4094 246 4151 Mundea.
733 4095 811 4151 riode
830 4113 883 4150 nur
902 4095 933 4166 je
956 4098 1017 4154 eine
1036 4097 1213 4169 Stilgattung
1231 4102 1294 4155 her·

157 4172 181 4223 9.
199 4167 247 4222 sed
264 4171 364 4235 tamea,
381 4164 436 4219 mit
453 4165 547 4235 Beaug
565 4165 679 4222 auidas
733 4166 922 4236 vorgebracht
958 4169 1016 4224 hat.
1063 4170 1140 4224 Brut.
1164 4185 1191 4226 rs
1223 4171 1294 4227 haec

120 4236 352 4308 vorhergehende
371 4238 488 4293 accedat
506 4236 679 4306 exercitatio,
733 4239 812 4293 aetas
861 4238 934 4294 rima
966 4241 1105 4295 oratorem
1137 4240 1295 4310 perfectum

120 4308 270 4379 „obgleich
285 4325 314 4364 es
328 4307 421 4363 Fufius
440 4325 478 4363 an
491 4308 582 4363 dieser
599 4307 680 4364 nicht
732 4306 809 4363 tulit.
852 4308 934 4365 fferre
952 4310 1133 4383 rom—Acker,
1151 4310 1205 4367 πίε
1224 4313 1295 4383 bier,

112 4380 170 4432 hat
184 4380 282 4434 ieblen
301 4380 423 4435 lassen.“
733 4380 809 4437 Brut
827 4394 861 4435 rc.
