2856 4770
467 208 516 262 DE
536 207 706 264 ORATORE
724 207 750 262 Π
770 216 793 276 1,
811 223 833 266 σ.
852 214 878 277 2,
896 225 917 265 a.
1214 207 1281 272 225

87 376 296 438 lnostrorum
319 372 488 437 hominum
509 372 544 437 in
567 371 656 437 omni
674 391 790 456 genere
812 371 1018 456 prudentiam
1037 369 1169 437 Graecis
1193 375 1281 437 ante·

88 462 212 546 2ferre3
232 460 394 527 Antonius
409 465 517 526 autem
531 459 785 547 probabiliorem
802 460 864 526 hoc
879 462 999 544 populo
1014 459 1194 526 orationem
1209 460 1279 527 fore

86 551 267 616 acensebae
290 572 392 634 suem,
415 551 443 615 si
468 551 600 615 omnino
624 548 773 614 didicisse
792 570 967 634 numquam
985 553 1166 633 putaretu13
1186 553 1280 635 atque

112 639 161 704 ite
185 661 219 705 se
247 644 380 724 uterque
408 639 589 724 graviorem
611 638 694 718 fore,
722 639 749 702 si
778 638 862 702 alter
889 641 1107 720 contemnere,
1136 639 1280 703 alterne

115 750 211 794 nosse
235 728 364 812 quidem
388 727 528 793 Graecos
550 726 722 792 rideretur.

87 834 99 873 6
203 815 348 894 Quorum
367 817 538 887 consilium
556 815 650 899 quale
668 814 780 900 fuerit,
801 815 884 879 nihil
904 836 979 880 sane
998 814 1118 880 adhoc
1137 819 1281 900 tempus3
1301 835 1318 884 o

88 905 193 970 iillud
216 910 325 971 autem
344 908 395 969 est
417 904 513 969 huius
536 904 705 969 institutae
724 904 907 988 scriptionis
931 926 968 969 eo
990 905 1160 988 temporis3
1183 907 1281 969 nemi-

113 1017 187 1059 nem
211 994 395 1078 eloquentia
421 1015 488 1059 non
510 993 606 1058 modo
630 993 699 1056 sine
724 992 849 1058 dicendi
873 993 1032 1076 doctrina,
1061 992 1117 1056 sed
1144 1015 1184 1058 ne
1213 994 1281 1058 sine

115 1083 204 1148 omni
228 1083 355 1167 quidem
384 1083 545 1168 sapientia
567 1081 682 1146 florere
705 1103 860 1165 umquem
883 1085 915 1146 et
937 1085 1104 1166 praestare
1127 1083 1283 1165 potuisse.

113 1171 245 1236 Etenim
272 1174 396 1236 ceterae
423 1171 491 1236 fere
520 1174 606 1236 artes
634 1192 668 1236 se
696 1170 787 1254 ipsae
816 1191 873 1254 per
901 1193 935 1236 se
962 1173 1094 1235 tuentur
1121 1170 1321 1255 singulue32

74 1279 100 1317 11
115 1260 197 1324 bene
222 1260 325 1324 dicere
349 1263 472 1338 autem,
500 1259 584 1344 quod
613 1263 662 1324 est
689 1260 826 1324 scienter
853 1262 887 1324 et
908 1260 1010 1344 perite
1038 1263 1071 1325 et
1100 1265 1213 1325 ornate
1238 1259 1284 1324 di-

115 1369 201 1430 cere,
229 1370 296 1413 non
323 1348 422 1414 habet
449 1349 615 1413 definitam
643 1348 786 1433 aliquem
809 1348 991 1432 regionem,
1019 1348 1109 1414 cuius
1137 1348 1284 1413 terminis

75 1455 100 1494 11
115 1441 229 1521 saepta
255 1442 412 1503 teneatur.
462 1436 592 1516 Omnia,
621 1458 839 1522 quaecumque
867 1438 901 1501 in
929 1437 1098 1503 hominum
1126 1437 1283 1521 discepta-

75 1546 101 1583 14
115 1526 238 1591 tionem
271 1527 383 1592 eadere
415 1531 571 1612 possunt,
606 1527 688 1592 bene
722 1530 797 1591 sunt
830 1527 860 1591 ei
892 1524 1036 1610 dicenda,
1073 1527 1129 1610 qui
1156 1527 1217 1592 hoc
1250 1547 1284 1590 se

115 1637 210 1700 posse
242 1616 425 1700 profitetur,
462 1620 519 1681 aut
557 1615 761 1701 eloquentiae
797 1636 915 1681 nomen
947 1614 1189 1698 relinquendum
1226 1619 1284 1680 eet.

76 1722 102 1761 16
117 1703 223 1780 Quare
242 1705 390 1789 equidem
414 1709 447 1769 et
470 1706 504 1769 in
526 1708 640 1770 nostru
663 1704 794 1769 civitate
817 1708 850 1769 et
876 1705 911 1769 in
933 1703 1005 1788 ipsa
1029 1703 1179 1789 Graecia,
1202 1724 1322 1789 quaet

727 1972 787 2028 τοῖς
805 1965 941 2036 μεγέθεσι
958 1967 1008 2021 καὶ
1026 1962 1198 2036 ἀριθμητικὴ
1218 1965 1299 2035 περὶ,

152 2043 177 2091 2.
195 2037 245 2092 too
259 2040 371 2107 populo,
390 2039 438 2093 bei
454 2039 544 2093 einem
559 2037 675 2094 solohen
727 2032 867 2109 ἀριθμόν,
889 2033 991 2108 ὁμοίως
1014 2038 1046 2092 δὲ
1070 2037 1119 2092 καὶ
1141 2033 1174 2092 αἱ
1190 2037 1286 2092 λοιπαὶ

115 2106 199 2175 Volk,
219 2109 273 2172 das·
288 2125 318 2162 so
333 2110 404 2164 stole
424 2110 474 2164 auf
485 2109 561 2164 seine
576 2110 673 2165 Natio·
727 2113 784 2163 τῶν
802 2109 908 2178 τεχνῶν
931 2107 981 2163 καὶ
1004 2104 1176 2179 ἐπιστημῶν·
1213 2103 1232 2178 ἡ
1252 2105 1284 2163 δὲ

115 2177 221 2234 nulit'ut
238 2179 277 2234 ist
294 2180 352 2234 und
367 2180 412 2234 die
432 2181 537 2250 grieeh.
551 2179 675 2249 Bildung
728 2177 861 2250 ῥητορικὴ
893 2179 960 2249 περὶ
994 2180 1046 2234 τοῦ
1078 2177 1215 2240 δοθέντος
1246 2177 1286 2241 ὥς

115 2249 155 2303 im
186 2266 293 2319 genuen
324 2251 540 2321 geringsehttzt.
594 2251 633 2304 III
662 2268 674 2306 ε
729 2251 821 2307 εἰπεῖν
840 2253 925 2306 δοκεῖ
944 2250 1089 2306 δύνασθαι
1110 2252 1234 2318 θεωρεῖν
1252 2247 1285 2305 τὸ

115 2319 166 2375 illo
185 2325 293 2377 senatu.
326 2322 360 2376 de
383 2321 438 2392 leg.
461 2339 520 2393 agr.
543 2322 627 2378 II101
651 2323 675 2378 si
728 2319 871 2378 τνθανόν·
894 2318 939 2376 διὸ
958 2322 1011 2376 καί
1026 2340 1122 2392 φαμεν
1142 2316 1232 2391 αὐτὴν
1251 2316 1285 2376 οὗ

116 2394 210 2445 autem
228 2392 400 2461 timuissem,
423 2397 519 2449 temen
537 2395 591 2449 huc
610 2411 674 2450 eon·
728 2395 797 2461 τιερί
821 2414 848 2449 τι
874 2391 956 2462 γένος
984 2393 1058 2448 ἴδιον
1085 2390 1286 2463 ἀφωρισμένον

117 2463 203 2530 tione,
221 2463 276 2518 hoc
289 2466 394 2533 populo
409 2466 484 2520 certe
499 2482 554 2521 non
569 2483 674 2520 vereor.
729 2464 804 2534 ἔχειν
818 2460 850 2519 τὸ
865 2460 1002 2534 τεχνικόν.

117 2533 152 2587 de
177 2535 231 2602 leg.
260 2534 298 2589 Ill
322 2551 347 2590 er
372 2552 428 2591 non
454 2537 521 2605 quid
548 2535 602 2590 hoc
626 2551 674 2605 po·
765 2540 807 2590 14.
827 2537 933 2602 cadere,
952 2550 991 2589 ne
1010 2550 1081 2603 quoe
1099 2534 1130 2588 in
1148 2533 1286 2604 discepta-

116 2604 184 2670 pulo
204 2604 324 2659 obtineri
342 2606 439 2674 possit.
476 2607 540 2674 Vgl.
560 2622 674 2673 111,σο
729 2607 834 2660 tionem
872 2610 902 2659 et
933 2604 1154 2659 controversiam
1186 2607 1286 2661 eadere

152 1970 176 2019 1.
198 1966 310 2022 Graccis
328 1968 341 2022 1
359 1981 393 2023 15.

116 2674 219 2743 jedoch
238 2676 303 2728 huie
321 2679 425 2744 populo
445 2676 527 2731 steht.

154 2750 178 2798 3.
197 2751 356 2812 putaretur,
371 2745 465 2811 Quint.
479 2746 506 2799 II
521 2753 590 2814 111
609 2746 675 2815 (An-

117 2815 223 2885 tonius)
242 2816 290 2884 qui
314 2816 505 2872 dissimulator
527 2818 595 2873 artis
613 2818 674 2872 fuit.

154 2895 177 2942 6.
197 2889 288 2957 quale,
308 2888 353 2942 die
368 2887 545 2960 Richtigkeit
558 2888 607 2944 der
620 2888 675 2943 An-

118 2960 192 3014 eioht
210 2975 246 3012 en
265 2958 332 3013 sich.

153 3032 191 3085 ad
204 3031 253 3085 boe
267 3036 373 3099 tempus
385 3029 439 3084 wie
453 3029 493 3083 III
506 3045 546 3098 es;
566 3030 612 3088 Or.
628 3047 674 3086 117.

155 3109 177 3156 7.
204 3103 348 3156 institutae
374 3103 533 3172 scriptionis
560 3102 674 3169 1111113

117 3172 190 3227 Einl.
210 3173 222 3227 Ι
241 3179 256 3238 ξ
275 3178 300 3239 8,
314 3188 349 3228 ee.

155 3249 197 3297 11.
220 3245 410 3298 retentarent.
438 3243 493 3298 mit
515 3243 675 3313 Beziehung

119 3314 169 3367 auf
177 3314 222 3368 die
233 3314 293 3368 drei
302 3315 476 3384 Hauptteile,
487 3314 532 3370 die
541 3314 674 3383 inventio,

120 3383 265 3453 dispositio
288 3386 346 3440 und
374 3385 508 3454 elocutio,
536 3387 590 3442 wie
613 3386 626 3439 Ι
649 3402 676 3441 σι

119 3454 283 3524 prudenter,
306 3457 474 3526 composite,
497 3459 594 3514 ornate
617 3457 675 3511 und

120 3524 174 3579 mit
196 3528 377 3583 verenderter
399 3527 584 3598 Reihenfolge
612 3528 675 3584 111

65 3641 68 3647 .
120 3594 287 3665 composite,
311 3602 420 3667 ornate,
448 3599 569 3668 copiose.
610 3600 674 3670 Vgl.

119 3667 192 3720 auch
210 3682 236 3722 81
255 3672 320 3723 eunt
338 3671 412 3724 enim
431 3670 565 3726 concinne
584 3671 675 3726 distri·

119 3738 201 3804 buta,
222 3739 270 3792 sed
288 3741 383 3794 temen
401 3759 457 3796 non
473 3743 572 3810 perite.

156 3815 197 3866 13,
220 3814 329 3878 saepta,
353 3811 394 3866 ale
413 3814 497 3883 ginge
516 3815 587 3868 statt
603 3813 675 3868 bene

119 3881 212 3936 dicere
236 3879 375 3935 vielmehr
397 3883 468 3939 bene
496 3884 607 3939 dicendi
630 3901 675 3938 ers

118 3969 227 4006 voraue.
240 3983 273 3992 -
283 3951 336 4006 Die
347 3953 434 4008 Stelle
449 3955 571 4010 erinnert
584 3954 675 4010 ihrem

116 4023 228 4078 Inhalte
255 4025 328 4078 noch
356 4040 391 4079 en
415 4025 500 4081 Arist.
522 4025 604 4081 Rhet.
627 4025 675 4082 12

117 4095 172 4148 τῶν
191 4090 245 4164 γὰρ
260 4090 351 4150 deluo
371 4100 419 4164 (so,
433 4098 550 4166 τεχνῶν)
571 4094 675 4167 ἑκάστη

117 4166 182 4232 περὶ
195 4162 227 4220 τὸ
243 4161 316 4236 αὐτῇ
326 4162 516 4237 ὑποκείμενόν
527 4165 585 4224 ἐστι
595 4170 675 4222 dedu·

728 2676 1288 2818 tellisrtlssnntztlttsstlt

729 2819 854 2884 werden,
873 2836 922 2872 zur
939 2817 1061 2872 Debatte
1080 2819 1220 2886 kommen,
1239 2836 1288 2873 zur

728 2889 901 2960 Ertrterung
939 2889 1089 2960 gelangem
1126 2905 1226 2945 vocare
1258 2891 1287 2944 in

729 2961 846 3085 dislcept.
857 2961 1074 3016 zurDislruesion
1082 2961 1135 3016 etc.
1146 2960 1287 3028 stellen3

728 3052 745 3088 v
780 3048 852 3087 .cor.

748 3048 807 3158 816.
825 3103 951 3170 Graecia,
965 3102 978 3155 Ι
993 3117 1025 3157 11.
1036 3133 1069 3142 -
1079 3103 1178 3157 multoc
1185 3119 1288 3172 mayoc

729 3175 936 3229 iuudediccodi.
956 3171 1008 3228 Die
1018 3173 1287 3242 eingeklammerten

728 3245 827 3328 Wmte
846 3243 910 3299 sind
928 3261 1019 3315 gegen
1037 3245 1082 3298 die
1102 3244 1287 3313 Grammatik,

729 3314 1287 3468 teneraetenerae

729 3458 784 3512 den
797 3454 879 3524 mult,
895 3454 954 3511 dell
968 3475 997 3511 es
1008 3404 1080 3511 meio
1090 3459 1217 3529 gegeben
1227 3459 1287 3526 bat,

730 3530 814 3584 deren
833 3527 1131 3598 Redefertiglreit,
1149 3530 1287 3584 trotndem

730 3598 787 3655 dell
801 3599 841 3656 eie
853 3601 934 3671 jones
949 3599 1166 3655 allumfansende
1176 3600 1287 3654 Wissen

729 3672 835 3740 (omnia
852 3675 875 3740 e)
898 3671 978 3725 nieht
999 3668 1135 3739 besallen,
1159 3673 1287 3726 dennooh

729 3744 805 3798 sehr
823 3741 985 3812 gerfihmt
1003 3760 1069 3797 war
1087 3741 1175 3811 (Brut.
1195 3758 1234 3797 cie
1257 3743 1288 3796 in

728 3818 910 3882 patronorum
930 3813 990 3866 eine
1009 3813 1148 3881 doctrina,
1168 3813 1226 3867 eine
1244 3813 1288 3867 in·

729 3884 827 3955 genio,
847 3885 971 3954 aliquem
989 3900 1135 3938 numerum
1154 3900 1287 3954 pervene-

729 3958 799 4024 rat),
818 3972 848 4010 so
871 3956 909 4009 ist
926 3957 977 4010 dee
1000 3955 1073 4011 doch
1096 3975 1148 4010 nur
1171 3957 1217 4010 ein
1234 3973 1287 4011 re·

729 4026 857 4081 letires
885 4025 958 4090 Lob;
991 4026 1053 4081 eine
1088 4027 1183 4082 solehe
1211 4028 1287 4080 red-

729 4096 886 4153 nerieehe
905 4096 1141 4167 Vellendung,
1164 4097 1218 4151 wie
1236 4098 1289 4152 wir

730 4169 771 4224 eie
789 4169 835 4223 bei
858 4167 972 4223 Crassus
995 4169 1052 4223 und
1075 4170 1213 4224 Antonius
1235 4169 1287 4223 fin-

118 4234 234 4305 σκαλικὴ
253 4237 303 4292 καὶ
326 4235 454 4307 πειστικὴ
479 4237 540 4293 οἷον
563 4235 673 4308 ἰατρικὴ
728 4240 797 4307 den,
822 4239 861 4294 ist
880 4239 952 4294 ohne
968 4239 1034 4308 jene
1052 4240 1210 4294 universale
1229 4238 1287 4292 Bil-

117 4307 182 4376 περὶ
193 4303 320 4378 ὑγιεινὸν
334 4311 384 4363 καὶ
396 4308 522 4378 νοσερόν,
542 4311 591 4365 καὶ
604 4329 673 4379 γεω·
728 4311 806 4381 dung
830 4311 908 4364 nicht
931 4309 1076 4379 moglioh!
1124 4312 1149 4366 S.
1169 4310 1196 4364 d.
1222 4311 1291 4364 brit.

117 4382 215 4448 μετρία
233 4377 350 4448 περὶτὰ
374 4381 572 4452 συμβεβηκότα
590 4381 673 4451 πάθη
727 4383 858 4451 Anhang.
