2856 4770
433 198 480 254 1111
500 196 672 255 ORATORE
691 197 717 252 11
736 203 762 268 ³,
782 212 814 252 14.
835 204 961 265 4,1s.1a
1216 194 1280 259 229

113 367 316 450 conventum,
339 384 378 428 cx
400 385 463 448 quo
482 363 565 427 mira
583 361 740 447 quaedam
759 381 793 425 se
812 360 940 425 audisse
959 359 1098 444 dicebat,
1120 362 1163 443 tc,
1186 379 1279 443 quem

85 475 173 540 nego
196 453 319 519 totiens
339 453 426 517 omni
445 452 570 517 ratione
589 452 753 534 temptans
773 449 813 513 ad
832 448 1063 534 disputandum
1083 448 1197 513 elicere
1214 469 1282 512 non

113 544 301 629 potuissem,
323 541 488 626 permulta
511 539 549 604 de
573 538 759 624 eloquentia
782 560 854 602 cum
873 538 1018 603 Antonio
1038 536 1226 602 disseruisse
1250 539 1282 600 et

113 637 278 717 tamquam
302 630 336 694 in
360 629 471 695 schola
493 650 594 714 prope
612 627 652 692 ad
671 627 866 693 Graecorum
885 626 1152 692 consuetudinem
1174 626 1283 710 dispu-

113 725 209 786 tasse.
263 719 315 783 Ita
346 741 398 783 me
429 718 531 782 frater
568 717 716 782 exoravit
746 737 788 780 nc
820 716 927 800 ipsum
960 715 1088 799 quidem
1122 737 1141 780 a
1174 714 1282 780 studio
1304 731 1336 780 14

114 807 265 874 audiendi
289 808 386 871 nimis
413 806 651 890 abhorrentem,
678 803 733 870 sed
755 804 938 869 mehercule
958 808 1129 888 verentem,
1152 825 1192 868 ne
1214 825 1283 868 mo·

87 898 191 962 alesti
217 896 311 961 vobis
339 895 623 979 interveniremus,
654 898 692 959 ut
723 893 786 958 huc
818 914 926 958 secum
954 892 1107 958 venirem.
1150 893 1284 957 Etenim

86 984 302 1053 aScaevolam
325 985 371 1049 ita
394 985 499 1049 dicere
523 983 642 1065 aiebat,
665 983 785 1049 bonam
807 985 934 1067 partem
958 983 1117 1047 sermonis
1140 982 1174 1045 in
1196 981 1284 1046 hunc

114 1076 199 1140 diem
232 1095 301 1140 esse
333 1072 476 1137 dilatam.
531 1072 603 1137 Hoc
636 1071 663 1135 si
695 1075 732 1136 tu
769 1070 916 1154 cupidius
953 1072 1076 1136 factum
1109 1071 1283 1155 existimas,

115 1163 247 1230 Caesari
265 1162 437 1245 attribues,
456 1162 484 1226 21
502 1160 703 1242 familiarius,
720 1160 848 1245 utrique
866 1163 1024 1225 nostrum.
1059 1157 1129 1223 Nos
1146 1159 1283 1244 quidem,

115 1253 180 1318 nisi
202 1251 290 1316 forte·
310 1250 441 1316 molesti
463 1250 706 1336 intervenimus,
728 1250 855 1313 venisse
879 1248 1027 1314 delectat.

203 1340 285 1404 Tum
309 1338 475 1406 Cnnssns:
503 1337 677 1423 Equidem,
706 1358 925 1423 quaecumque
949 1359 1006 1403 vos
1030 1358 1128 1402 causa
1150 1336 1213 1401 huc
1236 1333 1375 1401 21416

115 1429 256 1513 tulisset,
278 1430 426 1512 laetarer,
449 1449 522 1492 cum
546 1427 631 1512 apud
650 1448 701 1491 me
720 1426 861 1492 viderem
885 1426 1032 1491 homines
1054 1425 1136 1490 mihi
1159 1425 1284 1490 carissi·

74 1543 101 1581 14
115 1541 185 1584 mos
210 1522 242 1582 et
265 1517 492 1600 amicissim0s3
522 1517 578 1580 sed
605 1520 728 1600 tamen,
750 1538 823 1581 vere
847 1515 967 1598 dicam,
994 1515 1126 1599 quaevis
1154 1516 1285 1579 mallem

113 1607 239 1691 fuisset,
263 1628 359 1690 quam
382 1607 455 1688 ista,
479 1628 576 1690 quam
601 1605 689 1670 dicis.
734 1605 807 1690 Ego
832 1605 918 1669 enim
940 1601 992 1688 (ut
1015 1603 1285 1688 quemadmodum

115 1696 220 1761 sentio
248 1692 376 1781 loquar)
406 1716 582 1778 numquam
611 1694 691 1758 mihi
719 1695 826 1758 minus
851 1715 949 1778 quam
971 1692 1124 1757 hesterno
1148 1692 1199 1756 die
1217 1693 1286 1776 pla-

74 1808 99 1848 n
115 1785 180 1868 cui,
203 1786 308 1869 magis
333 1785 412 1848 adeo
435 1784 469 1847 id
491 1782 660 1867 facilitate,
684 1805 779 1866 quam
804 1783 870 1847 alia
888 1782 956 1845 ulla
974 1781 1068 1865 culpa
1090 1802 1162 1846 mea
1185 1782 1286 1846 conti·

73 1897 101 1936 rs
115 1874 172 1958 git,
203 1874 266 1957 qui,
297 1873 372 1937 dum
403 1872 562 1956 obsequor
593 1871 866 1950 adulescentibus,
895 1893 947 1935 me
977 1891 1086 1936 senem
1115 1891 1185 1934 esse
1215 1892 1287 1934 sum

114 1962 234 2027 oblitus
252 1961 379 2045 fecique
393 1961 435 2044 id,
454 1960 593 2044 quodne
608 1960 795 2026 adulescens
810 1959 939 2045 quidem
957 1960 1107 2042 feceram,
1125 1964 1162 2023 ut
1181 1959 1227 2023 eis
1248 1959 1287 2024 de

75 2051 221 2134 corebus,
241 2071 322 2134 quae
341 2048 488 2114 doctrina
509 2050 617 2134 aliqua
631 2049 882 2132 continerentur,
901 2048 1108 2133 disputarem.
1146 2045 1207 2112 Sed
1225 2047 1288 2113 hoc

114 2142 224 2205 tamen
255 2137 370 2204 cecidit
400 2138 482 2202 mihi
510 2141 762 2223 peropportune,
792 2137 878 2222 quod
907 2137 1082 2203 transactis
1112 2137 1178 2201 iam
1206 2138 1287 2202 meis

114 2229 263 2312 partibus
288 2227 328 2292 ad
351 2226 529 2291 Antonium
554 2226 747 2290 audiendum
769 2226 914 2291 venistis.

77 2341 103 2381 22
205 2317 287 2380 Tum
312 2313 464 2381 CAESAR:
488 2315 660 2400 Equidem,
687 2316 807 2401 inquit,
831 2314 961 2399 Crasse,
987 2316 1035 2380 ita
1059 2337 1130 2379 sum
1154 2314 1287 2400 cupidus
1308 2335 1341 2383 16

76 2430 103 2470 24
116 2406 151 2469 in
173 2406 229 2470 illa
252 2406 401 2489 longiore
424 2409 457 2470 12
480 2427 518 2470 22
536 2407 693 2490 perpetua
712 2404 932 2490 disputatione
951 2403 1112 2489 audiendi,
1134 2407 1180 2489 ut,
1204 2404 1231 2468 21
1254 2404 1288 2468 id

116 2494 196 2558 mihi
218 2494 325 2558 minus
349 2495 528 2578 contingat,
550 2494 601 2558 vel
620 2493 682 2558 hoc
701 2495 762 2558 sim
782 2493 945 2559 cotidiano
964 2497 1020 2558 tuo
1045 2514 1192 2558 sermone
1216 2514 1289 2558 con·

77 2606 104 2645 22
116 2585 236 2645 tentus.
271 2582 385 2666 Itaque
405 2584 549 2666 experiar
568 2581 715 2666 equidem
736 2582 853 2666 [illud],
876 2585 912 2646 ut
930 2603 970 2646 ne
990 2579 1151 2665 Sulpicius
1170 2581 1288 2646 famili-

118 2666 183 2732 aris
205 2691 296 2732 meus
315 2674 371 2733 aut
389 2669 487 2735 Cotta
510 2669 583 2754 plus
608 2692 705 2753 quam
729 2693 790 2757 ego
814 2670 899 2755 apud
923 2674 955 2735 te
979 2668 1087 2735 valere
1111 2670 1288 2755 videantur,

117 2823 203 2877 ander
226 2824 284 2877 und
311 2826 414 2879 ebenso
440 2824 565 2879 nachher
591 2827 674 2893 dicit,
763 2829 846 2896 cnlpn
863 2845 936 2897 mea,
955 2828 1011 2897 qni.
1049 2826 1113 2898 Vgl.
1133 2828 1167 2882 de
1187 2826 1241 2881 div.
1262 2827 1288 2882 II

116 2895 223 2950 dicebat
236 2896 309 2950 nach
324 2896 374 2950 der
387 2895 426 2949 im
441 2895 596 2967 geselligen
606 2896 674 2952 Ver·
728 2915 754 2953 ar
767 2898 978 2967 Pherecydeum
992 2898 1072 2967 illud,
1097 2897 1146 2966 qui
1164 2915 1228 2953 cum
1244 2899 1287 2954 vi-

117 2965 187 3022 kehr
205 2967 336 3022 iiblichen
355 2966 526 3024 Redevveise.
729 2968 824 3038 disset,
843 3001 876 3010 -
897 2970 976 3026 dixit.

147 3044 177 3118 Ι2.
205 3044 341 3107 temptans
368 3040 405 3094 nd
436 3040 540 3109 disput.
573 3041 675 3110 elicere,
766 3046 806 3096 18.
817 3043 873 3112 qni.
895 3041 971 3096 Statt
985 3039 1079 3095 hinter
1089 3041 1209 3110 contigit
1218 3041 1289 3096 fort·

118 3126 171 3163 vne
189 3108 203 3161 1
221 3126 254 3164 cv.
728 3113 863 3168 zufahren
886 3118 918 3167 nt
942 3111 1046 3166 oblitus
1065 3113 1131 3180 sim,
1156 3113 1227 3167 vetat
1245 3112 1288 3167 Cr.

155 3188 178 3235 7.
197 3182 420 3236 interveniremus
438 3180 553 3235 dhnlich
571 3182 676 3236 wieder
729 3182 776 3236 die
799 3184 958 3238 Thatsache
981 3183 1039 3237 und
1063 3181 1109 3237 die
1132 3183 1238 3238 Person
1260 3184 1290 3238 in

118 3250 181 3305 Tac.
201 3251 267 3306 dial.
288 3252 322 3306 de
342 3269 381 3306 or.
400 3269 422 3306 c.
439 3257 473 3305 14
491 3271 558 3306 num
576 3270 677 3321 parum
732 3253 784 3307 den
801 3253 1011 3322 Vordergrund:
1030 3256 1079 3324 qni
1095 3270 1156 3309 sun
1175 3254 1289 3310 oblitus.

118 3321 311 3390 tempestivus,
330 3322 432 3391 inquit,
452 3323 599 3377 interveni.
767 3326 896 3394 obsequor
914 3327 927 3380 1
945 3341 992 3380 206.
1025 3341 1113 3380 cenem
1130 3324 1144 3378 I
1162 3341 1209 3381 199.

155 3398 180 3446 8.
199 3394 290 3448 aicbat
308 3411 345 3447 sc.
361 3394 456 3461 (11221,
474 3393 527 3449 wie
546 3393 617 3448 eben
635 3394 677 3447 di·
767 3403 809 3451 20.
833 3399 1050 3465 continerentur,
1073 3414 1122 3450 nm
1145 3396 1194 3451 des
1214 3397 1290 3452 Kon-

121 3462 211 3542 cebat.
239 3463 380 3519 Derinfin.
393 3470 466 3533 pras.
483 3464 583 3531 dicere,
597 3464 678 3520 nicht
728 3467 856 3538 junktivs
876 3468 1049 3537 disputarem
1068 3466 1164 3522 vvillen
1183 3484 1203 3523 1.
1224 3483 1244 3523 v.

121 3532 233 3600 dixrsse,
263 3533 337 3589 denn
364 3536 410 3588 die
437 3533 601 3605 Mitteilung
628 3534 677 3590 des
766 3539 964 3594 22122212.
997 3540 1054 3594 Der
1068 3538 1289 3609 Eigentr‘imlich-

120 3603 205 3685 (11221
237 3620 274 3656 an
302 3605 354 3659 den
384 3604 511 3661 Catulus:
541 3605 677 3662 Scaevola
730 3609 791 3665 11211
810 3609 909 3664 (112212
928 3607 1032 3680 gemtll
1056 3611 1107 3664 hat
1124 3610 1201 3665 scine
1220 3613 1291 3665 Aus-

120 3675 210 3756 drcrt
226 3673 329 3728 bonam
352 3680 460 3745 partem
480 3694 539 3732 2222
558 3677 677 3733 dilatam
732 3679 917 3736 druchavveise
952 3681 1034 3736 einen
1068 3680 1201 3750 withigen
1234 3682 1291 3736 An-

119 3746 189 3800 vvrrd
213 3743 322 3799 lobhaft
346 3748 403 3801 und
425 3747 608 3804 nnmittelbar
630 3767 677 3819 ge·
732 3751 832 3816 strich;
857 3769 887 3806 ιο
913 3752 975 3807 hier
993 3753 1044 3806 das
1063 3747 1291 3820 ἀπροσδόκητον

121 3817 221 3887 geben.
328 3887 333 3898 Ι
732 3823 848 3878 ut—-vel
875 3822 929 3878 hoc
954 3823 1005 3878 etc.
1032 3824 1092 3891 (sss)
1120 3822 1173 3878 wie
1197 3823 1291 3893 gleich

143 3893 200 3968 Ι14,
224 3888 407 3953 veredicum,
435 3888 491 3943 012.
509 3890 630 3946 braucht
648 3892 679 3945 in
732 3894 856 3948 nachher
879 3895 935 3964 (ar).
978 3896 1034 3960 ita,
1056 3893 1086 3947 in
1110 3894 1160 3948 der
1182 3895 1291 3964 Weise3

122 3959 213 4013 dreser
226 3959 521 4028 Betenerungsformel
539 3963 609 4016 21212
629 3963 679 4016 das
733 3965 821 4019 daher
831 3966 966 4034 experiar,
983 3964 1050 4019 aber
1063 3982 1119 4020 non
1133 3965 1239 4036 urgebo
1253 3968 1291 4022 te.

120 4029 217 4086 Futur.
240 4032 287 4086 sed
309 4029 484 4100 [quanquam
501 4031 614 4105 laetor]‚
638 4039 679 4088 ta·
737 4093 752 4107 ..
770 4043 813 4092 24.
832 4038 883 4090 illa
898 4068 931 4077 —
946 4036 999 4091 wie
1015 4036 1055 4090 sie
1069 4037 1141 4091 nach
1158 4037 1291 4093 Sctvolar

120 4118 182 4156 rnen
200 4133 233 4140 -
253 4103 381 4167 913184.
457 4170 463 4182 .
732 4104 887 4176 Aullerung
903 4107 934 4162 in
952 4107 1086 4162 Aussicht
1104 4109 1187 4164 steht

159 4177 200 4226 17.
212 4173 287 4239 adeo,
298 4189 329 4226 22
340 4173 427 4240 recht,
439 4173 599 4242 ergentlich.
618 4175 678 4230 Liv.
769 4184 810 4232 26.
827 4179 923 4250 [illud]
934 4178 987 4233 mit
996 4177 1092 4248 Bezug
1105 4179 1157 4234 auf
1167 4179 1218 4233 illa
1230 4180 1291 4234 lon-

122 4240 162 4295 IV
180 4248 237 4312 2,1
261 4244 290 4297 id
312 4260 368 4298 non
391 4245 462 4298 adeo
484 4243 576 4313 plebis
595 4264 680 4315 quam
733 4250 811 4320 giore
829 4252 859 4303 12
883 4265 915 4303 ac
937 4250 1075 4320 perpetua
1098 4249 1291 4320 disputatione

122 4315 245 4383 patrum,
272 4332 363 4383 neque
390 4315 565 4370 tribunorum
588 4318 679 4388 magis
734 4319 867 4374 audiendi
892 4351 924 4360 -
951 4321 1021 4375 vird
1050 4319 1174 4375 hernach
1204 4321 1293 4379 durch

123 4398 208 4450 quam
226 4387 370 4441 consulum
389 4387 473 4457 culpa
490 4386 624 4442 accidere.
734 4393 764 4446 et
782 4392 903 4447 exorabo
922 4393 980 4448 etc.
994 4392 1090 4446 daher
1100 4391 1276 4443 1222122122.
