2856 4770
161 234 227 300 252
517 235 567 291 DE
587 233 760 292 ORATORE
778 235 806 291 ΙΙ
824 241 866 304 17,
886 251 920 292 ιο.
939 251 973 292 ιο.

161 396 269 462 solum
288 419 474 479 causarum,
493 401 601 464 cetera
618 398 872 464 innumerabilia
890 397 1114 463 exercitationi
1133 402 1166 463 et
1186 398 1368 467 similitu-1

161 486 228 550 dini
251 487 423 570 reliquisti.
461 485 523 551 Sed
542 487 650 552 videto
672 509 714 552 ne
736 487 771 551 in
793 487 866 553 istis
890 486 1016 551 duobus
1036 486 1209 578 generibus
1232 487 1369 572 hydrae

161 575 225 639 tibi
244 574 288 639 sit
306 580 339 639 et
355 575 461 659 pellis,
484 573 640 641 Hercules
664 579 773 641 autem
796 579 829 640 et
853 577 919 641 alia
942 596 1040 660 opera
1063 575 1188 652 maiora
1210 575 1245 640 in
1267 575 1338 642 illis

162 663 269 746 rebus,
293 684 373 747 quas
391 665 636 749 praetermittis,
658 665 891 748 relinquantur.
924 661 1001 728 Non
1019 664 1106 727 enim
1124 663 1207 728 mihi
1224 665 1336 731 minus

162 751 268 834 operis
282 750 410 816 videtur
423 752 462 817 de
477 753 637 818 universis
652 754 825 837 generibus
839 775 958 835 rerum,
968 774 1066 836 quam
1077 750 1115 817 de
1130 752 1337 837 singulorum

162 839 268 905 causis
292 861 330 905 ac
353 841 456 904 multo
476 841 576 906 etiam
599 843 703 907 maius
726 841 766 905 de
789 844 909 907 natura
927 841 1070 924 deorum,
1094 863 1191 925 quam
1215 840 1254 905 de
1276 841 1337 908 ho·

162 928 286 992 minum
307 928 421 994 litibus
445 929 559 994 dicere.
685 994 688 1000 ,
955 980 958 985 -

109 1034 141 1083 ⁷2
250 1015 328 1082 Non
351 1020 400 1081 eet
422 1017 484 1102 ita,
505 1018 612 1102 inquit
634 1019 828 1083 ANTONIUS.
865 1016 981 1082 Dicam
1000 1017 1086 1081 enim
1110 1016 1185 1101 tibi,
1210 1013 1337 1103 Catule,

161 1109 313 1170 nontam
337 1104 451 1171 doctus
471 1129 578 1190 quam,
600 1106 634 1170 id
658 1105 744 1191 quod
767 1111 818 1170 est
837 1106 951 1190 maius,
973 1110 1134 1191 expertus.
1180 1103 1337 1172 Omnium

160 1196 476 1259 ceterarum'rerum
506 1195 625 1280 oratio,
657 1194 738 1258 mihi
768 1194 876 1277 crede,
907 1193 1003 1258 ludus
1033 1197 1084 1258 est
1114 1193 1238 1270 homini
1266 1215 1337 1260 non

158 1281 269 1348 hebeti
291 1304 396 1366 neque
420 1283 633 1349 inexercitato
658 1305 719 1347 nec
744 1282 964 1348 communium
986 1282 1171 1347 litterarum
1194 1286 1228 1347 et
1252 1283 1336 1366 poli·

158 1371 253 1436 tioris
267 1371 480 1436 humanitatis
494 1373 633 1456 experti;
652 1371 878 1436 incensarum
897 1371 1158 1436 contentionibus
1178 1391 1336 1456 magnum

161 1461 212 1523 est
235 1458 397 1543 quoddam
420 1481 502 1543 opus
526 1464 623 1544 atque
645 1458 733 1525 haud
757 1460 857 1526 sciam
881 1481 925 1525 an
948 1459 986 1524 de
1009 1458 1161 1523 humanis
1180 1460 1337 1543 operibus
1352 1479 1380 1520 ra

159 1547 256 1632 longe
275 1548 464 1631 maximum3
488 1550 523 1613 in
547 1549 664 1633 quibus
687 1549 736 1614 vis
760 1548 899 1613 oratorie
913 1549 1103 1632 plerumque
1118 1547 1159 1612 ab
1173 1548 1336 1632 imperitis

160 1636 248 1701 exitu
272 1640 304 1700 et
327 1637 465 1702 victoria
488 1637 663 1720 iudicatum
687 1636 744 1701 ubi
767 1637 858 1702 adest
877 1641 1021 1701 armatus
1040 1636 1254 1720 adversarius,
1278 1637 1337 1721 qui

146 1725 203 1788 *sit
226 1728 259 1788 et
280 1725 443 1790 feriendus
467 1730 500 1790 et
522 1725 740 1810 repellendum
769 1725 825 1790 ubi
848 1717 944 1808 saepe
967 1725 1011 1809 is,
1034 1725 1090 1809 qui
1112 1725 1160 1790 rei
1182 1724 1335 1790 dominus
1350 1745 1379 1801 re

158 1812 286 1877 futurus
311 1819 373 1897 est,
403 1815 527 1878 alienus
552 1818 649 1898 atque
671 1815 775 1879 iratus
799 1814 977 1879 autetiam
1000 1813 1123 1879 amicus
1147 1813 1334 1879 adversario

158 1906 192 1965 et
214 1902 365 1966 inimicus
388 1903 450 1967 tibi
474 1905 537 1985 est3
561 1925 634 1968 oum
659 1907 716 1968 ant
739 1902 900 1968 docendus
923 1902 951 1967 is
976 1906 1027 1966 est
1050 1906 1107 1966 aut
1129 1901 1334 1968 dedocendus
1350 1923 1378 1964 ra

50 1996 54 2003 '
158 1992 214 2053 aut
236 1990 459 2073 reprimendus
483 1995 540 2055 aut
566 1989 750 2056 incitandus
779 1995 836 2055 ant
863 1992 953 2056 omni
975 1990 1103 2055 ratione
1126 1990 1167 2054 ad
1190 1992 1332 2076 tempus,
1347 2011 1376 2052 ro

156 2077 198 2143 ad
221 2099 352 2142 causam
377 2080 522 2144 oratione
545 2079 760 2145 moderandus
782 2079 876 2143 -in
900 2101 964 2163 quo
989 2100 1086 2162 saepe
1103 2079 1334 2145 benevolentia
1347 2099 1377 2140 οο

155 2166 194 2230 ad
217 2166 337 2249 odium,
361 2167 471 2232 odium
490 2173 599 2233 autem
623 2168 664 2232 ad
681 2167 945 2233 benevolentiam
964 2167 1187 2232 deducendum
1206 2170 1258 2232 est
1270 2192 1331 2253 —3

156 2257 213 2319 aut
242 2257 410 2339 tamquam
439 2256 679 2321 machinatione
713 2256 823 2340 aliqua
852 2260 924 2321 tum
954 2256 994 2320 ad
1025 2256 1231 2321 severitatem
1259 2260 1332 2322 tum
1347 2278 1376 2318 aa

155 2342 196 2408 ad
219 2344 443 2408 remissionem
467 2345 569 2409 animi
591 2349 662 2410 tum
686 2344 727 2409 ad
751 2345 925 2409 tristitiam
947 2348 1018 2408 tum
1038 2344 1079 2408 ad
1097 2344 1260 2409 laetitiam
1281 2348 1333 2410 eet

153 2433 427 2517 contorquendus,
456 2433 602 2498 omnium
626 2433 860 2498 sententiarum
884 2433 1060 2518 gravitate,
1089 2433 1234 2499 omnium
1257 2455 1329 2499 ver·
1346 2455 1375 2495 οι

96 2537 131 2588 73
152 2521 268 2585 borum
295 2519 495 2606 ponderibus
523 2525 574 2587 est
600 2521 770 2605 utendum;
798 2522 929 2586 accedat
956 2524 1085 2604 oportet
1113 2521 1200 2586 actio
1229 2520 1356 2607 varior„

150 2609 339 2695 vehemens,
367 2611 464 2694 plena
493 2611 606 2689 animi,
633 2610 730 2694 plena
757 2610 906 2695 spiritus,
937 2610 1036 2694 plena
1063 2608 1200 2693 doloris,
1229 2610 1330 2693 plena
1344 2631 1373 2673 aa

150 2699 309 2764 veritatis.
354 2697 394 2763 In
416 2699 467 2765 his
487 2699 638 2784 operibus
663 2700 691 2765 ei
710 2699 783 2784 quis
801 2700 894 2765 illam
913 2702 1017 2763 artem
1036 2697 1329 2783 comprehenderit,
1344 2720 1374 2761 οι

188 2840 212 2890 1.
231 2836 422 2904 similitudini,
443 2852 464 2888 s.
483 2851 517 2892 ee.
798 2839 885 2908 pleno
902 2837 1019 2903 doloris,
1037 2835 1199 2905 affektvola
1217 2835 1256 2890 im
1275 2855 1332 2908 gu-

187 2912 213 2960 2.
240 2907 331 2962 videto
357 2923 399 2962 na.
440 2905 506 2974 Vgl.
530 2906 544 2960 Ι
566 2921 600 2963 ee.
639 2907 666 2962 S.
686 2924 710 2964 a
765 2910 816 2963 ten
834 2907 903 2962 Sinn
921 2905 1097 2977 pathetisch,
1114 2906 1155 2960 III
1173 2923 1208 2962 oe.

151 2974 676 3034 0.F.W.Mn110rzude0ff.1n.
801 2984 844 3033 2⁷.
872 2979 998 3033 cantatio
1016 3009 1048 3018 -
1069 2977 1128 3032 vell
1145 2976 1330 3034 Naturwahr·

188 3053 230 3102 13.
248 3048 326 3103 band
343 3048 440 3117 enon,
459 3062 494 3102 ra.
765 3048 839 3116 heic,
853 3049 914 3103 aleo
928 3046 1009 3104 nicht
1017 3046 1071 3103 wie
1086 3047 1133 3103 bei
1148 3049 1212 3104 dem
1223 3047 1330 3104 Schan-

188 3123 230 3172 16.
246 3119 345 3189 qnirai
353 3119 593 3186 dominnsfct.eet
607 3117 712 3175 derdie
766 3119 881 3188 epictet,
905 3118 952 3174 bei
979 3121 1044 3174 dem
1067 3137 1120 3173 nur
1138 3120 1330 3176 erkiinstclber

152 3188 365 3260 Entscheidnng
388 3207 423 3243 au
445 3189 545 3245 helien
568 3191 619 3245 hat
645 3191 712 3260 (ste-
766 3188 863 3244 Affekt
880 3190 927 3244 ist.

149 3259 249 3316 tuendi
267 3263 412 3329 potestas).
804 3260 843 3316 In
873 3262 917 3316 bis
949 3277 992 3330 op.
1027 3263 1080 3316 etc.
1130 3258 1223 3317 Weun
1251 3260 1330 3317 einer

189 3336 230 3386 18.
249 3332 431 3400 dedocendus,
450 3349 507 3387 von
526 3331 622 3387 seinen
640 3332 710 3387 Ver·
765 3330 812 3386 die
830 3331 923 3386 Kunst
942 3332 992 3386 der
1005 3331 1210 3401 gerichtlichen
1223 3330 1329 3387 Bened-

149 3401 272 3456 nrteilen
291 3403 488 3471 abzubringen.
765 3401 887 3458 samlreit
904 3419 934 3458 so
954 3401 1089 3472 versteht,
1108 3399 1165 3456 dall
1179 3419 1210 3458 er
1223 3402 1266 3457 als
1281 3403 1330 3459 ein

188 3477 229 3526 19.
244 3473 282 3527 nd
295 3477 400 3541 tempos
414 3476 476 3539 etc,
490 3473 563 3527 nach
577 3474 632 3527 den
641 3472 710 3528 Ver·
764 3473 878 3528 aweiter
901 3473 1017 3528 Phidias
1041 3473 1105 3528 eine
1126 3471 1237 3528 Athene
1260 3472 1328 3529 Par·

148 3541 307 3597 hdltnissen
320 3542 378 3596 und
391 3541 456 3597 dem
469 3543 710 3600 konkretenFall.
764 3545 864 3601 thence
891 3563 925 3598 au
954 3543 1060 3599 Stande
1088 3544 1207 3614 bringeri
1240 3543 1328 3613 kann,

186 3619 229 3668 20.
243 3615 436 3683 moderandas,
450 3630 485 3667 au
498 3614 643 3680 sdmmen,
657 3615 711 3670 wie
765 3614 840 3668 dann
865 3613 936 3669 wird
961 3631 991 3669 er
1015 3615 1096 3670 nicht
1119 3614 1150 3669 in
1172 3614 1327 3686 Verlegen·

150 3687 213 3740 eine
231 3683 320 3738 Leier.
357 3684 454 3740 Horat.
474 3682 503 3739 0.
522 3683 596 3753 124,
616 3700 651 3739 ιι.
764 3685 826 3740 heit
844 3704 878 3740 au
895 3684 1029 3740 kommen
1046 3686 1202 3756 manahen,
1221 3685 1275 3742 wie
1295 3703 1329 3743 er

187 3760 229 3810 22.
257 3755 472 3823 machinatione,
500 3755 554 3809 wie
581 3754 629 3810 bei
657 3755 711 3811 den
765 3754 1327 3814 dielrleinerenKunstwerkeamSchilde

149 3822 260 3948 pollen
274 3825 525 3896 Wurlgerchossen
539 3827 710 3897 (tormenta),
764 3828 884 3881 machon
912 3827 977 3894 soll3
1007 3828 1080 3882 denn
1108 3845 1139 3883 so
1165 3827 1328 3884 bedentend

170 3894 710 3952 iemittelsteinerstarkenMaschinerie
764 3897 842 3954 diese
865 3898 938 3952 auch
960 3898 1111 3954 immerhin
1138 3900 1200 3952 eoin
1222 3905 1269 3953 mb
1306 3916 1328 3954 n

150 3967 390 4036 aufgezogenund
403 3967 709 4038 losgelassenwurden.
764 3966 821 4036 (Or.
840 3970 901 4036 aaa),
920 3984 952 4023 so
970 3968 1034 4024 sind
1052 3970 1092 4024 sie
1111 3969 1184 4024 doeh
1202 3968 1242 4022 im
1283 3984 1327 4023 er·

186 4041 229 4094 24.
248 4038 708 4107 recommendationem.
763 4039 869 4095 haltnis
892 4055 927 4093 au
952 4040 1016 4095 dem
1034 4037 1143 4110 graden
1162 4039 1326 4096 Gotterbild

149 4109 223 4180 part.
241 4123 269 4164 eo
286 4109 412 4177 pondera
429 4124 530 4163 rerum.
763 4109 825 4178 (der
850 4109 1031 4181 Hauptfigur,
1063 4110 1124 4165 also
1149 4112 1212 4164 dem
1235 4127 1325 4180 genus

185 4184 229 4234 26.
247 4179 393 4249 oebnnens,
407 4179 569 4250 aufregend‚
584 4179 709 4235 erechut-
763 4180 907 4251 iudiciale)
925 4181 1175 4250 untergeordneter
1194 4180 1248 4234 Art
1265 4183 1326 4237 und

149 4249 241 4319 terni,
247 4251 412 4321 ergreiiend¹
419 4265 453 4306 ea.
460 4266 506 4306 soo.
513 4265 561 4306 err.
566 4266 619 4319 ³⁰03
628 4251 669 4305 111
674 4267 709 4306 οο.
762 4251 859 4307 bieten
871 4253 917 4306 fiir
930 4253 993 4319 den,
1006 4253 1056 4306 der
1070 4251 1115 4306 die
1125 4266 1213 4322 gance
1223 4252 1325 4309 Statue

180 4323 268 4391 prena
289 4323 390 4390 animi,
417 4322 477 4376 voll
504 4320 604 4390 Fauor,
624 4323 710 4391 plena
763 4322 861 4377 bilden
883 4322 973 4391 kann,
997 4321 1132 4377 keinerlei
1155 4320 1325 4394 Schwierig-

142 4394 276 4461 aornim,
297 4393 355 4450 roll
374 4389 655 4448 Selbstbewnlltsein.
764 4394 859 4449 keiten
878 4395 929 4450 dar
947 4394 1016 4464 (rgl.
1035 4391 1074 4446 111
1093 4394 1150 4463 rao).
