2856 4770
169 220 236 285 372
418 223 467 278 DE
487 223 659 281 ORATORE
678 223 766 293 1186,
785 238 833 280 sca
852 237 900 280 ose.
920 229 965 293 8⁷,
982 237 1032 280 333.
1049 237 1096 280 asc.

170 387 292 451 storem
315 384 436 470 scripta
459 389 493 452 et
510 386 677 453 Pollucem
695 386 843 470 fuissent,
861 387 958 451 nimis
980 386 1074 451 illum
1094 384 1222 451 sordide
1241 383 1346 450 Simo·

168 473 239 537 nidi
270 473 389 539 dixisse
422 497 456 540 se
489 475 659 541 dimidium
691 477 772 555 eius,
802 476 888 560 quod
915 478 1030 559 pactus
1063 477 1162 557 esset,
1193 494 1252 558 pro
1284 473 1346 538 illo

170 562 312 627 carmine
336 562 500 649 daturum3
523 564 683 649 reliquum
706 587 726 629 a
745 564 811 628 suis
831 563 1035 649 Tyndaridis,
1055 585 1135 648 quos
1156 562 1347 646 33333133-

98 667 150 719 333
170 651 288 735 desset,
311 655 445 737 peteret,
464 653 493 718 si
516 653 546 718 ei
569 653 739 719 videretur.
771 652 888 718 Paullo
907 656 983 737 post
1001 673 1072 716 esse
1089 652 1200 716 ferunt
1217 649 1347 716 nuntie-

169 743 240 804 tum
260 737 427 820 Simonidi,
445 745 482 806 ut
499 741 659 828 prodiret3
681 743 814 806 iuvenes
839 746 926 807 stare
950 741 989 806 ad
1012 741 1144 806 ianuam
1163 739 1227 805 duo
1251 761 1347 824 qnos·

169 827 254 912 dam,
268 829 324 913 qui
339 850 413 893 eum
427 850 547 915 magno
562 852 659 917 opero
674 833 859 913 evocarent3
879 829 1057 895 surrexisse
1075 829 1178 910 illum,
1191 828 1350 912 prodisse,

168 915 289 981 vidisse
311 918 485 983 nominem.
515 917 588 984 Hoc
606 919 738 984 interim
757 920 865 1003 spatio
884 919 1035 984 conclave
1053 917 1143 1000 illud,
1161 917 1219 981 ubi
1237 916 1349 1000 epula-

168 1008 259 1070 retur
278 1003 409 1091 Scopas,
428 1006 619 1092 concidisse3
639 1029 678 1072 ea
695 1008 791 1072 ruina
812 1007 921 1092 ipsum
945 1029 1018 1072 oum
1041 1006 1192 1092 cognatis
1216 1026 1349 1090 oppres·

171 1114 244 1158 sum
259 1093 327 1159 suis
341 1094 500 1161 interisse.
528 1095 617 1172 Quos
636 1118 708 1162 cum
728 1097 862 1161 humare
880 1096 1002 1161 vellent
1022 1096 1071 1160 sui
1089 1117 1193 1179 neque
1212 1095 1351 1178 possent

171 1182 309 1248 obtritos
333 1184 552 1250 internoscere
575 1185 643 1250 ullo
666 1185 772 1269 modo,
791 1183 973 1250 Simonides
998 1182 1115 1249 dicitur
1134 1205 1173 1247 ex
1195 1203 1243 1266 eo,
1263 1180 1350 1266 quod

171 1271 375 1337 meminisset
404 1294 468 1358 qno
497 1294 609 1339 eorum
636 1274 710 1340 loco
739 1274 875 1359 quisque
904 1273 1082 1356 cubuisset,
1110 1272 1351 1337 demonstrator

170 1361 443 1446 uniuscuiusque
472 1362 649 1447 sepeliendi
677 1362 787 1426 fuisse.
833 1361 904 1427 Hac
927 1365 998 1426 tum
1025 1383 1060 1425 re
1089 1360 1274 1426 admonitus
1301 1358 1351 1422 in-

170 1450 298 1514 venisse
329 1448 432 1514 fertur
465 1451 612 1516 ordinem
645 1473 715 1516 esse
752 1451 907 1533 maxime,
939 1450 995 1535 qui
1032 1449 1208 1514 memoriae
1240 1448 1352 1511 lumen

100 1537 323 1605 3343313331.
367 1536 481 1623 Itaque
519 1539 579 1623 eis,
617 1540 673 1624 qui
709 1539 795 1604 hano
831 1544 957 1624 partem
994 1538 1119 1624 ingenii
1156 1538 1352 1620 exercerent,

170 1627 259 1692 locos
283 1647 354 1691 esse
377 1626 551 1711 capiendos
575 1631 608 1692 et
631 1651 678 1712 ea,
698 1649 781 1712 quae
804 1628 960 1694 memoria
982 1630 1092 1691 tenere
1111 1626 1241 1708 vellent,
1260 1624 1350 1689 effin-
1366 1641 1393 1682 1⁶

171 1715 277 1799 genda
301 1715 410 1782 animo
434 1719 533 1800 atque
555 1717 591 1781 in
613 1717 664 1782 his
688 1718 769 1782 locis
792 1717 995 1801 collocanda,
1029 1714 1076 1780 sic
1097 1715 1183 1798 fore,
1206 1720 1242 1778 ut
1270 1713 1353 1778 ordi-

170 1825 246 1869 nem
269 1826 376 1868 rerum
400 1804 547 1870 locorum
570 1806 649 1871 ordo
674 1810 893 1889 conservaret,
916 1826 967 1869 res
992 1808 1101 1868 autem
1125 1804 1213 1887 ipsas
1242 1823 1351 1866 rerum

171 1891 297 1978 effigies
320 1895 451 1958 notaret
474 1897 572 1978 atque
595 1897 632 1958 ut
654 1894 732 1959 locis
755 1915 815 1979 pro
838 1914 920 1979 cera,
944 1892 1126 1958 simulacris
1149 1913 1209 1976 pro
1229 1891 1393 1956 litteris1⁸

168 1983 342 2047 uteremur.

64 2074 163 2132 87333
264 2069 327 2146 Qui
351 2070 396 2135 sit
419 2074 528 2135 autem
552 2071 675 2136 oratori
698 2069 874 2136 memoriae
901 2069 1041 2152 fructus,
1065 2071 1188 2154 quanta
1215 2067 1352 2150 utilitas,

172 2159 378 2242 quantavis,
402 2158 478 2243 quid
502 2181 553 2224 me
576 2160 696 2224 attinet
719 2158 846 2226 dicere?
882 2159 1014 2243 Tenere,
1037 2179 1119 2244 quac
1143 2156 1293 2221 didiceris
1316 2156 1352 2219 in

171 2247 361 2332 accipienda
379 2269 484 2332 causa,
500 2269 582 2331 quae
601 2249 672 2333 ipse
687 2248 865 2334 cogitaris?
885 2269 996 2313 omnes
1011 2247 1093 2312 fixas
1108 2268 1179 2311 esse
1194 2246 1229 2310 in
1243 2244 1351 2310 animo
1366 2263 1393 2306 aa

171 2335 373 2401 sententias?
392 2357 521 2401 omnem
536 2337 734 2421 descriptum
750 2337 922 2402 verborum
938 2335 1155 2421 apparatum?
1174 2335 1222 2398 ita
1240 2333 1351 2398 audire

169 2423 221 2488 vel
245 2446 333 2508 eum,
356 2426 442 2489 unde
466 2424 588 2508 discas,
611 2426 662 2491 vel
686 2446 773 2508 eum,
797 2426 849 2489 oui
870 2423 1133 2509 respondendum
1161 2424 1219 2505 sit,
1242 2425 1280 2487 ut
1300 2421 1352 2485 illi

170 2533 237 2577 non
260 2511 431 2578 infundere
454 2513 489 2578 13
509 2535 602 2579 aures
621 2517 695 2578 tuas
715 2513 907 2594 orationem,
926 2513 982 2577 sed
1001 2512 1034 2575 in
1054 2512 1163 2577 animo
1182 2511 1352 2577 videantur

171 2601 372 2666 inscribere?
416 2601 531 2688 Itaque
561 2602 623 2668 soli
652 2601 708 2686 qui
736 2602 894 2668 memoria
921 2603 1036 2687 rigent
1066 2601 1185 2684 sciunt,
1212 2600 1290 2684 quid
1319 2601 1354 2662 31

171 2693 331 2774 quatenus
364 2694 398 2755 et
430 2692 592 2775 quomodo
625 2692 743 2756 dicturi
774 2691 855 2777 sint,
886 2690 963 2776 quid
1000 2690 1241 2774 responderint,
1274 2687 1351 2770 quid
1366 2707 1393 2746 3(

172 2779 327 2862 supersit3
349 2779 518 2865 eidemque
541 2781 645 2845 multa
668 2801 708 2844 ex
731 2780 804 2844 aliis
829 2781 935 2845 causis
965 2778 1140 2864 aliqnando
1164 2799 1184 2840 a
1207 2796 1242 2839 se
1270 2779 1352 2852 aeta,

101 2881 153 2934 333
172 2868 277 2932 multa
304 2868 345 2931 ab
374 2868 447 2932 aliis
471 2868 581 2933 audita
610 2869 836 2934 meminerunt
883 2866 990 2943 Quare
1018 2866 1174 2931 confiteor
1201 2861 1350 2945 equidem
1366 2881 1393 2919 33

211 3044 253 3095 13.
280 3041 451 3111 efflorando,
478 3039 508 3095 in
530 3038 576 3094 ein
600 3042 736 3110 (entspre
792 3042 836 3094 est
853 3039 967 3109 gemina
980 3037 1158 3091 litteraturae
1173 3054 1220 3100 -3
1239 3048 1304 3086 nam
1319 3035 1352 3088 ut

173 3109 736 3181 31133333)333333331331333Β11(1133333,
790 3110 842 3165 1113
860 3112 971 3164 3333131
989 3123 1024 3162 ex
1041 3103 1117 3186 notis
1140 3103 1300 3184 litterarum
1324 3106 1353 3158 et

174 3181 225 3237 (133
240 3181 317 3237 (1333
331 3199 367 3237 33
382 3183 436 3238 (133
446 3181 602 3253 gleichsam
618 3183 736 3237 leeren
791 3198 824 3236 ex
848 3196 893 3248 eo,
917 3178 947 3232 in
973 3194 1028 3246 quo
1057 3176 1257 3246 imprimuntur
1284 3175 1351 3230 rllae

176 3253 436 3324 (unausgefdllten),
458 3255 546 3308 sehon
564 3253 666 3308 vorher
687 3254 736 3309 be·
790 3252 883 3318 33133,
898 3249 937 3304 313
951 3246 1091 3303 conlectio
1108 3245 1262 3303 memoriae
1280 3249 1352 3300 tam-

175 3323 321 3380 stimmtcn
334 3323 432 3378 Platz
446 3322 562 3394 gestellt
576 3323 655 3380 3131.
679 3325 736 3379 Dae
790 3339 876 3391 quam
899 3338 964 3376 cera
986 3318 1056 3375 loeis
1079 3319 1169 3374 utitur
1195 3320 1224 3373 et
1250 3317 1280 3371 in
1308 3317 1352 3371 his

174 3396 213 3450 131
240 3395 314 3450 noch
341 3396 442 3450 immor
469 3395 519 3449 das
543 3393 736 3450 Wesentliohe
790 3391 929 3462 imagines
948 3394 980 3448 31
997 3392 1107 3448 litteras
1127 3389 1256 3445 collocat.
1283 3459 1289 3470 ι

171 3465 252 3535 jedes
278 3483 309 3521 33
328 3468 490 3536 333333133
508 3465 736 3521 mnemonischen
826 3469 867 3519 22.
884 3465 943 3521 3331
968 3465 1119 3531 ’33313333
1134 3460 1352 3515 denlllitterlnn·

175 3536 312 3606 Systema
337 3552 375 3592 33
397 3537 539 3592 1331333313
562 3535 618 3591 fest
641 3535 735 3607 31333·
791 3551 847 3606 333
866 3534 915 3590 (133
956 3534 1071 3600 1133133,
1090 3547 1137 3586 roe.

174 3608 276 3679 prtgte
309 3594 737 3674 11311133131133,(13(133131313·
827 3613 869 3662 37.
898 3607 966 3676 quid
992 3603 1195 3673 responderint,
1223 3616 1280 3682 333
1312 3598 1352 3653 313

175 3680 259 3746 33133,
274 3677 398 3749 (113(313
413 3677 459 3733 die
474 3677 664 3749 Hanptplttze
677 3677 737 3732 und
791 3677 880 3733 sehon
898 3675 1030 3732 erwidert
1047 3674 1149 3742 haben,
1163 3670 1287 3726 namhoh
1305 3669 1356 3724 aul

175 3750 586 3819 hervorragendstanGebaude
595 3748 645 3805 der
656 3747 737 3804 Stadt
791 3746 992 3803 (113111333313
1007 3746 1057 3799 der
1072 3742 1190 3813 (133333.
1211 3742 1238 3797 S.
1247 3742 1273 3796 (1,
1285 3740 1352 3796 krit.

176 3816 736 3876 3133113Η33333311133133383383
790 3818 863 3874 Anh.
1303 3881 1309 3893 ι

176 3891 244 3947 oder
258 3891 304 3946 (113
314 3891 513 3960 Zimmerfolge
527 3892 603 3946 eines
617 3889 738 3960 Hauses)
828 3895 871 3944 29.
885 3889 984 3959 Quare,
999 3888 1047 3941 der
1056 3885 1288 3964 (13(1331333333
1301 3884 1352 3936 retr

174 3963 205 4017 in
227 3961 305 4016 ihrer
329 3960 600 4019 unverttnderlioben
623 3962 738 4016 Autein-
792 3961 887 4015 Daher
918 3958 970 4013 hat
1001 3957 1047 4011 die
1080 3953 1244 4010 Mnemonrk
1276 3953 1303 4008 d.
1325 3954 1352 4007 h.

175 4032 340 4102 anderfolge
359 4036 429 4088 stets
448 4031 643 4103 33333333113
666 4031 738 4100 sind,
792 4024 1352 4106 einaaweolrmtssigeGedtohtnisiibung,

175 4104 205 4159 in
231 4102 385 4159 (ledanken
413 4103 531 4173 3331333
556 4102 653 4158 Bilder
679 4103 738 4157 und
792 4117 873 4155 wenn
900 4099 973 4153 auch
1002 4099 1155 4167 allerdings
1179 4097 1352 4149 (133333333-

176 4174 297 4230 Zeiohen
321 4175 363 4230 als
382 4173 487 4244 Trtger
511 4173 561 4229 der
583 4191 617 4228 an
640 4173 737 4229 bahal·
792 4173 834 4226 ria
860 4170 996 4224 naturalis
1025 4168 1071 4224 die
1100 4166 1280 4236 Hauptsaohe
1305 4165 1354 4233 ist,

175 4247 279 4302 tendor
297 4246 390 4317 Dinge
409 4245 619 4316 anauknfipfen,
639 4262 659 4300 s.
679 4243 736 4298 ind.
790 4243 851 4295 ihre
889 4238 1141 4308 wohlbereohtigte
1178 4237 1352 4305 Bedeutung.

175 4315 346 4375 Mnemonilr.
791 4328 875 4384 poure
898 4314 1078 4380 333311333-
1099 4306 1176 4363 steht
1200 4324 1235 4360 nu
1254 4323 1353 4361 rernm

213 4393 255 4443 18.
275 4405 349 4458 cero,
373 4387 448 4444 Part.
469 4404 508 4444 or.
528 4402 554 4444 33
580 4385 736 4458 (memoria)
790 4389 888 4438 tamen
915 4399 1006 4451 neque
1033 4382 1093 4436 tam
1127 4378 1186 4434 acri
1217 4376 1354 4433 memoria
