2856 4770
64 278 67 285 ,
136 226 203 292 368
453 227 501 282 DE
521 226 693 284 ORATORE
711 226 738 282 Π
756 233 799 296 83,
818 243 866 284 aro.
885 233 929 298 84,
947 243 996 287 ser.

136 389 306 473 excitatur,
325 390 353 454 si
373 411 496 475 aspere,
515 390 543 454 si
562 389 770 474 adroganter,
788 390 816 454 si
834 389 982 475 turpiter,
1001 390 1030 454 si
1049 391 1186 475 sordide,
1201 391 1228 456 si
1248 414 1313 477 quo

136 479 238 543 animi
259 478 341 544 vitio
373 478 494 544 dictum
519 499 590 543 esse
618 479 741 563 aliquid
768 478 907 561 ridetur,
936 482 992 543 aut
1019 479 1187 545 hominum
1215 481 1312 546 offen-

136 566 226 632 sione
250 567 302 631 441
326 567 460 649 invidia,
478 589 561 650 quae
585 570 641 631 aut
659 567 745 632 iusta
764 571 815 632 est
834 571 948 631 auter
967 567 1194 634 criminatione
1214 572 1312 654 atque

135 655 238 738 fama,
266 657 323 719 aut
351 677 403 720 res
434 655 463 719 si
492 655 657 741 displicet,
687 659 745 720 aut
773 656 802 720 si
832 659 882 720 est
910 656 946 719 in
976 656 1084 740 aliquo
1114 661 1206 722 motu
1235 679 1312 723 suae

135 743 326 828 cupiditatis
351 748 408 809 aut
429 747 535 808 metus
559 745 743 810 multitudo.
783 743 845 809 His
869 747 1024 829 quattuor
1045 746 1150 810 causis
1174 747 1313 812 totidem

134 831 314 896 medicinae
338 837 560 918 opponuntur:
582 838 653 897 tum
677 833 875 918 obiurgatio,
899 834 927 897 si
951 842 1000 898 est
1023 835 1214 919 auctoritem
1241 839 1312 901 tum

135 919 314 986 admonitio
334 921 426 1006 quasi
449 922 553 986 lenior
571 921 771 1005 obiurgati03
794 925 864 986 tum
886 923 1069 1006 promissio,
1089 923 1117 986 si
1140 923 1339 1001 audierintr

134 1009 345 1094 probaturos3
367 1013 438 1074 tum
462 1009 660 1095 deprecatio,
683 1009 769 1094 quod
793 1013 843 1074 cst
864 1010 1043 1094 infirmum,
1067 1012 1123 1076 sed
1152 1031 1341 1077 nonnum-⁸

63 1115 116 1164 440
135 1120 234 1182 quam
251 1098 341 1165 utils.
362 1096 463 1164 Nullo
484 1101 591 1164 autem
609 1098 682 1164 loco
700 1099 774 1183 plus
793 1098 931 1162 facetiae
951 1102 1089 1183 prosunt
1108 1101 1341 1166 accelerasse

135 1190 169 1251 et
199 1187 297 1252 breve
329 1187 459 1272 aliquod
492 1187 613 1252 dictum
645 1208 706 1252 nec
727 1188 806 1252 ⁴sine
834 1186 993 1272 dignitate
1022 1191 1055 1252 et
1084 1211 1158 1254 cum
1187 1190 1310 1273 lepore;

134 1275 219 1340 nihil
243 1276 331 1341 enim
353 1279 423 1340 tam
445 1275 540 1340 facile
564 1297 662 1359 quam
685 1275 861 1340 multitudo
887 1297 907 1340 a
933 1277 1070 1342 tristitia
1093 1281 1126 1342 et
1149 1299 1246 1361 saepe
1270 1278 1312 1343 ab

136 1364 313 1430 acerbitate
328 1363 495 1430 commode
510 1368 543 1429 et
556 1364 699 1429 breviter
713 1368 746 1428 et
760 1367 852 1429 acute
867 1368 900 1428 et
913 1365 1016 1429 hilare
1032 1365 1118 1430 dicto
1134 1365 1313 1431 deducitur.

80 1459 118 1515 84
224 1453 370 1536 Exposui
393 1452 469 1536 fere,
487 1457 524 1518 ut
546 1453 650 1538 potui,
668 1453 761 1517 vobis
783 1452 818 1516 in
841 1456 980 1536 utroque
999 1475 1117 1538 genere
1141 1475 1312 1520 causarum
1328 1473 1354 1513 1³

136 1563 217 1627 quae
238 1542 329 1625 sequi
348 1541 494 1625 solerem,
514 1563 597 1626 quae
616 1541 737 1627 fugere,
756 1562 838 1624 quae
858 1546 1013 1626 spectare,
1033 1564 1159 1628 quaque
1180 1543 1312 1609 omnino

63 1646 115 1698 441
135 1630 170 1694 in
184 1630 290 1695 causis
300 1630 431 1695 ratione
443 1630 576 1695 versari.
594 1628 664 1695 Nec
678 1629 759 1695 illud
773 1630 906 1694 tertium
922 1629 1196 1696 laudationum
1209 1653 1312 1717 genus

136 1722 187 1784 est
210 1717 356 1805 difficile,
380 1719 466 1803 quod
490 1722 551 1804 ego
578 1718 674 1784 initio
698 1718 793 1802 quasi
816 1740 836 1782 a
858 1718 1041 1803 praeceptis
1064 1721 1187 1785 nostris
1213 1739 1355 1786 secra-1⁶

135 1829 260 1893 veram3
283 1808 394 1872 sedet
417 1807 493 1891 quia
516 1808 620 1872 multa
648 1810 726 1871 sunt
748 1807 932 1873 orationum
956 1827 1077 1892 genera
1104 1812 1138 1872 et
1161 1810 1313 1895 graviora
1328 1827 1354 1866 1⁷

136 1900 169 1961 et
193 1895 326 1961 maioris
350 1897 476 1980 copiae,
499 1896 538 1960 de
562 1894 681 1980 quibus
708 1917 803 1960 nemo
831 1895 897 1959 fere
925 1896 1142 1982 praeciperet,
1166 1901 1199 1962 et
1227 1898 1313 1982 quod

134 2005 195 2049 nos
218 1983 464 2050 laudationibus
487 2006 554 2051 non
577 1985 625 2049 ita
648 1985 788 2050 multum
810 1984 859 2048 uti
883 1984 1074 2070 soleremus,
1097 1988 1203 2051 totum
1228 1987 1314 2052 hunc

135 2074 351 2158 segregabam
373 2073 492 2139 locum.
533 2073 601 2158 Ipsi
625 2073 710 2139 enim
735 2072 849 2137 Graeci
874 2073 979 2157 magis
1003 2074 1132 2160 legendi
1155 2079 1189 2139 et
1211 2075 1313 2141 delec-

134 2162 270 2227 tationis
303 2165 361 2227 aut
391 2161 533 2227 hominis
566 2162 702 2227 alicuius
731 2161 868 2227 ornandi
900 2183 999 2246 quam
1031 2163 1185 2228 utilitatis
1217 2164 1313 2229 huius

134 2249 274 2316 forensis
298 2272 396 2316 causa
419 2250 626 2316 laudationes
650 2251 928 2334 scriptitaverunt3
958 2273 1095 2335 quorum
1125 2256 1201 2316 sunt
1228 2252 1314 2332 libri,

135 2340 252 2423 quibus
276 2339 526 2422 Themistocles,
549 2339 722 2419 Aristides,
745 2339 934 2424 Agesilaus,
956 2339 1216 2425 Epaminondas,
1239 2340 1313 2405 Phi-

134 2428 254 2512 lippus,
267 2425 452 2493 Alexander
471 2428 590 2512 aliique
608 2427 797 2512 laudantur3
815 2432 948 2493 nostrae
966 2427 1179 2512 laudationes,
1196 2428 1313 2511 quibus

134 2517 169 2581 in
191 2516 262 2582 foro
285 2517 416 2601 utimur,
435 2520 492 2582 aut
513 2517 694 2582 testimonii
712 2516 907 2581 brevitatem
929 2515 1052 2580 habent
1074 2514 1195 2579 nudam
1215 2518 1311 2599 atque
1328 2533 1355 2572 25

136 2691 274 2760 sprechen
292 2689 332 2744 im
350 2689 515 2760 Folgenden
532 2693 582 2746 aut
605 2690 696 2745 homi·
752 2722 785 2730 —
804 2692 955 2746 coleremus.
985 2690 1018 2747 A
1037 2690 1117 2744 ldhrt
1135 2689 1180 2744 die
1198 2689 1312 2744 Grunde

134 2780 202 2816 num
222 2761 374 2816 offensione
392 2760 439 2816 vel
457 2761 574 2832 invidia,
588 2765 696 2818 autres
751 2779 796 2830 an,
816 2761 862 2816 die
880 2761 931 2815 ihn
950 2760 1095 2827 (lamala,
1114 2761 1156 2815 als
1171 2777 1202 2816 er
1216 2760 1314 2816 diesen

135 2833 160 2887 si
187 2832 328 2902 displicet,
352 2833 402 2887 aut
424 2832 449 2886 si
477 2835 521 2888 est
545 2833 575 2888 in
601 2834 696 2900 aliquo
750 2832 847 2888 Punkt
864 2832 1022 2898 ausschied,
1036 2832 1232 2900 bestimmten,
1252 2833 1313 2886 also

135 2905 215 2958 motu
233 2933 267 2943 -
285 2903 449 2958 multitudo.
751 2903 801 2957 der
819 2902 900 2972 Konj.
925 2919 988 2974 aurp
1011 2901 1158 2956 Ausdruck
1180 2920 1236 2957 von
1260 2903 1314 2958 Ge·

173 2981 196 3030 7.
211 2975 360 3044 promissio
377 2991 415 3030 sc.
428 2973 696 3096 opponitur—qro—
752 2972 865 3027 danken
884 2973 951 3026 oder
969 2961 1173 3052 Ansserungen,
1193 2972 1239 3026 die
1264 2974 1314 3028 der

135 3044 270 3112 mittitur;
294 3043 369 3099 doch
390 3045 479 3100 findet
500 3045 562 3100 sich
585 3045 611 3099 d.
656 3060 695 3100 cc.
750 3041 886 3097 Redende
909 3041 998 3095 selbst
1020 3060 1054 3095 zu
1077 3057 1155 3095 emer
1181 3042 1314 3099 friiheren

136 3132 160 3171 c.
170 3115 223 3170 Inf.
240 3118 313 3170 auch
327 3115 372 3170 bei
386 3113 442 3171 Cic.
458 3115 508 3170 hin
522 3115 580 3170 und
594 3115 699 3170 wieder
753 3113 814 3169 Zeit
831 3112 912 3166 hatte
932 3112 999 3165 oder
1017 3110 1139 3166 machte.

135 3202 192 3241 von
210 3187 302 3241 einem
315 3184 420 3242 blollsn
435 3185 529 3242 Subst.
544 3184 698 3258 abhdngig.
788 3188 830 3238 25.
851 3183 1000 3238 testimonii
1018 3183 1182 3238 breuitatem.
1220 3183 1258 3239 Es
1277 3185 1315 3240 ist

136 3256 192 3312 Gir.
211 3273 231 3313 4.
751 3255 829 3310 wohl
846 3253 927 3308 nicht
940 3271 977 3309 an
991 3254 1243 3324 Zangenaussagen
1261 3272 1315 3311 vor

173 3333 197 3384 8.
203 3329 380 3398 probaturos,
389 3327 440 3382 das
450 3327 619 3396 allgemeine
628 3327 697 3382 Sub-

132 3398 198 3468 jakt
214 3400 302 3522 quan)
325 3399 364 3453 ist
385 3414 436 3452 aus
462 3397 486 3453 si
504 3397 645 3454 audierint
663 3415 697 3453 au

136 3473 220 3524 entne
241 3486 314 3524 men.
334 3468 408 3524 Oder
422 3485 451 3525 ss
465 3470 503 3525 ist
516 3470 593 3540 ipsos
604 3470 697 3525 hinter

135 3539 303 3610 probaturos
321 3540 506 3610 ausgefallen.

172 3612 313 3680 infirmum
337 3612 382 3666 ein
410 3612 571 3667 schwaches
595 3609 698 3680 Mittel,

137 3682 259 3738 hominis
281 3681 398 3750 infirmi,
420 3681 461 3735 im
484 3683 642 3752 Gegensata
664 3698 698 3736 zu

137 3754 200 3880 ἀξιοῖ]
219 3753 474 3824 Voraufgehenden
498 3754 522 3809 41
541 3754 585 3809 444
603 3755 698 3808 aucto·

136 3843 161 3880 rr
194 3841 215 3878 s.

137 3967 150 4020 Ι
173 3901 198 3950 9.
217 3897 340 3951 celeritas
359 3893 613 3965 Schlagfertiglreit
631 3894 697 3963 11⁷³

151 3968 230 4022 Iaso.

173 4043 215 4094 13.
234 4038 267 4092 ia
283 4044 399 4108 utroque
415 4052 523 4108 peracre,
542 4037 605 4091 dem
625 4035 698 4090 iudi-

137 4108 208 4164 ciale
227 4107 286 4163 und
306 4107 531 4164 deliberativum.

174 4186 216 4236 16.
235 4181 371 4236 tuition.

174 4256 217 4306 17.
231 4253 307 4321 quta,
322 4253 372 4307 der
386 4250 459 4306 ersts
472 4248 570 4304 Grund
584 4248 622 4304 ist
635 4248 699 4304 eine

137 4321 198 4375 rein
229 4319 392 4378 tusserlichs
424 4320 585 4376 Thatsache
618 4320 700 4389 (quia

138 4394 213 4460 sunt)
228 4394 261 4451 de
274 4395 373 4463 quatur
389 4393 568 4464 proserperet,
583 4393 611 4447 et
626 4392 700 4462 quod

752 3325 880 3394 Gericht,
899 3325 953 3380 wie
978 3327 1051 3380 oben
1073 3340 1114 3391 44,
1137 3342 1171 3378 zu
1194 3325 1313 3396 denken,

751 3398 871 3452 sondern
886 3414 923 3452 an
940 3396 1089 3453 lobende
1104 3395 1313 3452 1144441444-

776 3485 827 3536 en,
853 3467 1002 3523 ehrende
1020 3468 1083 3522 Ber
1113 3467 1243 3537 fungen
1266 3469 1317 3523 aui

751 3487 895 3595 bekannte
913 3539 1054 3594 Personen
1073 3485 1115 3592 ais
1130 3537 1247 3594 Stdtzen
1264 3539 1314 3594 des

751 3608 1314 3680 eigenenVotums,Empfehlungsn,wie

752 3682 793 3736 414
812 3680 948 3736 zuntchst
961 3679 1008 3734 bei
1021 3676 1257 3751 Abstimmungen
1273 3680 1313 3735 im

752 3751 865 3820 Senate,
880 3751 955 3805 darn
970 3752 1043 3806 auch
1061 3751 1108 3805 bei
1121 3751 1314 3821 allgemeiner,

753 3821 931 3877 blientlicher
955 3821 1122 3892 Thttigkeit
1150 3823 1313 3878 vorkamen.

754 3894 888 3951 Offenbar
910 3892 949 3948 ist
966 3912 989 3948 z.
1004 3895 1035 3948 B.
1054 3896 1079 3947 14
1116 3893 1146 3948 41
1165 3893 1314 3949 scribendo

753 3963 856 4033 adfuit,
873 3963 900 4019 d.
914 3964 942 4019 h.
956 3965 1011 4045 ,der
1029 3964 1075 4018 ffir
1094 3912 1140 4018 die
1159 3963 1314 4020 Formulie·

752 4033 1239 4188 44144444444444
1256 4036 1315 4187 u?

752 4177 932 4301 44411
944 4172 1315 4325 ttttltnltttttl

752 4316 895 4373 urkundet
912 4318 976 4384 hat,
995 4318 1036 4372 als
1062 4332 1109 4372 ern
1131 4316 1206 4370 testie
1224 4316 1314 4372 dieser

755 4387 908 4443 auctoritas
939 4391 1053 4443 senatus
1080 4405 1108 4443 u.
1123 4403 1144 4441 s.
1159 4405 1193 4441 w.
1218 4388 1313 4443 aulan-
